2604 4740
553 424 744 510 (¹3⁰)

121 605 254 674 sectori
277 618 396 672 nostro
417 626 496 671 cum
518 604 592 671 istis
616 587 867 697 scriptoribus,
890 606 1023 700 quippe
1053 608 1169 677 serlo·

123 721 222 788 ribus
243 720 380 804 suisset,
402 717 464 786 sed
482 735 522 786 ut
540 721 778 789 convenientia
800 722 894 789 inter
910 738 1066 789 nostram
1085 724 1169 816 epi·

121 839 243 907 stolam
268 852 304 904 st
332 835 482 902 Senecae
516 834 646 925 scripta
665 831 833 903 nonnulla
854 857 896 903 eo
915 835 1019 922 magis
1040 835 1171 906 illuce-

123 969 236 1019 sceret
265 967 301 1017 et
331 947 542 1018 consuetudo
569 949 716 1016 auctoris
750 952 859 1016 nostri
894 974 973 1017 cum
1008 952 1174 1039 Senecs,·

70 1110 74 1122 ·
122 1088 227 1155 quam
257 1063 370 1156 capite
395 1064 497 1130 tertio
531 1079 567 1130 ct
593 1081 717 1152 quarto
743 1063 968 1159 comprobare
999 1066 1172 1148 studebo,

123 1177 341 1268 probabilior
360 1176 582 1249 redderetur.
627 1177 687 1245 Sic
708 1179 801 1245 enim
821 1178 1034 1248 consuetudo
1055 1180 1173 1274 aliqua

123 1295 217 1360 inter
238 1308 413 1359 auctorem
430 1290 592 1383 epistolae
612 1308 770 1374 nostrae,
794 1317 894 1382 quem
917 1293 1064 1362 Paulum
1097 1320 1171 1365 esse

127 1404 325 1489 contendo,
357 1421 393 1473 ct
429 1405 595 1473 Senecam
623 1405 761 1492 extitit3
793 1408 866 1473 sine
896 1405 1004 1476 dubio
1038 1410 1169 1480 Seneca

125 1523 281 1590 Graecae
300 1517 436 1605 linguae
457 1519 684 1607 peritissimus
705 1519 773 1606 (1)
806 1543 884 1589 cum
905 1521 1012 1590 Paulo
1033 1523 1169 1612 linguae

11 1643 14 1649 '
124 1637 268 1703 Latinae
294 1657 418 1723 parum
449 1657 556 1718 gnaro
594 1631 795 1725 colloquens
819 1631 864 1700 dc
890 1637 994 1703 rebus
1021 1637 1165 1726 divinit,

125 1772 198 1816 non
227 1770 383 1815 sermone
410 1748 557 1832 Latino,
586 1746 648 1814 scd
683 1748 817 1815 Graeco
843 1771 923 1816 usus
952 1767 1023 1836 est,
1054 1754 1105 1822 ita
1130 1770 1165 1822 ut

125 1863 270 1952 phrases
297 1876 333 1927 et
357 1884 456 1937 voces
476 1861 648 1950 quaedam
670 1857 826 1930 solennes
853 1863 1000 1950 Stoicis,
1023 1890 1112 1957 quae
1132 1869 1165 1938 in

126 1975 273 2073 epistola
295 1991 412 2044 nostra
430 1991 643 2059 occurrunt,
664 1974 749 2042 iude
767 1975 917 2061 derisni
943 1995 1086 2069 queant.
1136 1956 1146 2051 .-

170 2091 240 2161 Sed
269 2089 489 2159 redeundum
514 2106 566 2156 est
587 2086 632 2155 sd
660 2113 734 2157 rem
762 2092 988 2181 propositam.
1032 2095 1165 2166 Contu¹

127 2208 260 2276 nientia
281 2208 374 2272 intes
395 2202 573 2296 epistolam
600 2221 807 2272 nostramet
828 2205 995 2274 nonnulla
1019 2208 1164 2278 Senecae

28 2377 32 2384 .
128 2321 260 2412 scripta
283 2343 355 2386 non
384 2342 450 2408 pro
477 2318 618 2384 fortuita
643 2337 678 2387 ct
705 2319 884 2400 omnibus,
909 2321 970 2412 qui
999 2320 1165 2391 derebus

129 2435 258 2504 divinis
277 2451 312 2500 et
332 2432 456 2499 ethicis
479 2435 716 2521 scripserunt,
742 2435 915 2502 communi
942 2435 1066 2510 haberi
1088 2453 1167 2531 pots

129 2566 193 2622 est.
236 2551 375 2615 Etenim
396 2549 460 2613 ista
483 2547 722 2616 convenientia
744 2550 918 2617 cerniturs

175 2687 205 2732 1.
227 2663 268 2728 In
281 2660 532 2758 frequentibus
544 2658 781 2726 allusionibus
791 2663 842 2728 acl
844 2665 1056 2750 peculiaria
1071 2668 1169 2738 Stoi-v·

131 2786 186 2847 cis
207 2778 402 2865 dogmata,
436 2798 524 2868 quae
546 2774 584 2839 in
606 2772 755 2841 Senecae
777 2777 916 2866 scriptis
941 2781 1068 2866 passim
1091 2783 1170 2850 ube.

130 2896 202 2965 rius
213 2905 456 2980 exponuntur,
478 2913 510 2962 e,
523 2912 554 2975 g.
575 2889 618 2953 ed
632 2886 787 2974 dogmata
801 2889 994 2959 Stoicorum
1009 2895 1054 2963 de
1074 2922 1170 2969 crea·

133 3010 226 3076 tione
237 3002 359 3079 muudi
375 3025 418 3069 ex
437 3000 564 3074 visibili
582 3000 730 3092 quadam
744 3003 884 3070 materia
896 3005 966 3085 XI,
982 3013 1026 3096 ὅς
1053 3011 1098 3080 de
1109 3013 1173 3084 de.

132 3121 321 3194 structione
346 3116 468 3190 mundi
497 3117 601 3203 hujus
625 3112 707 3182 olim
730 3115 846 3183 lutura
873 3136 908 3185 et
935 3120 1018 3191 inde
1043 3128 1174 3200 orituro

135 3261 224 3311 novo
248 3230 378 3302 mundo
399 3234 438 3316 Ι,
461 3256 522 3315 ιι,
547 3251 607 3318 123
631 3231 684 3313 11,
709 3232 751 3315 53
778 3232 883 3318 VIII,
909 3237 971 3320 153
997 3241 1088 3324 XII,
1111 3249 1176 3332 26,

136 3377 202 3443 273
238 3349 280 3416 de
302 3347 397 3416 coelo
419 3360 592 3435 tamquam
612 3345 746 3414 civitate
771 3345 834 3413 Dei
853 3365 887 3415 et
912 3348 1086 3425 domicilio
1110 3382 1176 3445 ge.

133 3471 270 3542 niorum
292 3477 327 3531 et
347 3460 491 3527 heroiim
511 3478 546 3531 et
572 3457 749 3528 hominum
770 3462 857 3527 vitae
875 3461 1089 3550 integrorum
1107 3475 1180 3551 vita

134 3583 380 3663 detunctorum
400 3567 490 3654 XII,
515 3573 676 3655 22-243
711 3571 754 3639 de
774 3580 998 3679 dianopam
1021 3600 1056 3652 et
1078 3592 1179 3666 m,

141 3753 350 3788 μ
1008 3706 1012 3724 .

171 3865 231 3948 (ι)
254 3861 286 3917 Id
309 3857 404 3931 partim
428 3874 458 3909 ex
476 3853 579 3925 scalptis
597 3855 707 3908 Senecae
727 3868 816 3928 patet,
833 3857 860 3910 in
885 3860 979 3934 quibus
999 3865 1082 3921 mults
1100 3887 1189 3930 soca„

136 3954 197 4018 bala
217 3953 317 4008 Graeca
337 3944 517 4016 reperiuntur,
536 3941 663 4011 multique
683 3941 733 3995 loci
752 3962 780 3996 ex
806 3944 913 4000 Graecis
928 3952 1131 4028 tersi,psstim
1153 3983 1188 4018 ,χ

135 4037 320 4099 mausuetudine
342 4034 517 4098 Romanunm}
541 4028 699 4092 nobiliorum
718 4044 771 4090 lum
795 4034 936 4114 bemfsstls,
954 4038 1066 4103 (Imm
1088 4045 1190 4115 lium

133 4123 273 4198 eubuli·
