2604 4740
566 437 685 523 (ror
726 416 744 522 ¹)
854 511 856 514 ,

134 621 262 689 2Petr.
285 619 320 707 1,
344 617 421 704 21.)
446 617 622 688 decretum
647 621 711 687 Dei
731 620 775 688 de
799 638 907 690 morte
937 623 1078 693 Messiae
1101 641 1169 696 ex··'

133 732 280 825 piatoria
299 729 480 821 patefecit,
502 734 548 800 ita
569 751 607 799 ut
625 734 721 801 Iesus
743 750 888 801 mortem
906 754 1084 816 cruentam
1103 765 1165 807 su-

129 846 234 929 biens
274 865 341 935 pro
369 843 571 918 hominibus,
594 848 761 914 voluntati
794 849 857 914 Dei
902 850 1164 938 obsequeretur.

127 959 485 1052 Haecinterpretatio
504 957 604 1023 etiam
622 962 770 1027 sermoni
790 977 948 1027 contexto
969 987 1165 1035 accommo-

121 1072 213 1142 ,data
232 1088 296 1141 est.
327 1073 439 1155 'Jesus
463 1091 681 1161 comparatur
710 1099 786 1140 cum
808 1099 939 1141 summo
960 1077 979 1141 J
983 1075 1167 1149 udaeorum

125 1187 329 1274 secerdote,
368 1185 544 1254 sacrificiis
572 1188 741 1276 populum
763 1189 933 1280 expiante.
988 1190 1085 1259 Sicut
1106 1193 1165 1261 bic

128 1299 291 1372 sacerdos
320 1325 391 1369 non
408 1326 480 1390 pro
504 1301 622 1368 lubitu
652 1318 687 1366 et
714 1324 756 1367 ex
779 1281 846 1368 sua
870 1304 1073 1385 voluntate,
1102 1307 1165 1375 scd

128 1417 330 1488 seeundum
346 1417 462 1504 legem
478 1440 502 1484 u
525 1417 606 1483 Deo
615 1417 907 1504 praescriptam,
927 1439 970 1483 ex
992 1417 1167 1488 voluntate

125 1532 193 1600 Dei
213 1533 314 1617 VIII,
336 1530 381 1610 4,
403 1533 437 1601 5.
470 1529 544 1614 ΙΧ,
569 1552 611 1613 t,
634 1527 840 1596 sacrificium
862 1553 928 1618 pro
949 1531 1078 1625 populo
1100 1555 1166 1601 01.

125 1645 260 1741 piantIo
288 1645 414 1715 obtulit
429 1643 528 1730 De03
552 1641 600 1709 sic
622 1644 725 1711 etiam
748 1643 905 1712 Christus
931 1669 1002 1712 non
1025 1669 1087 1738 pro
1103 1649 1164 1722 ln·

125 1761 205 1831 hieu
231 1777 267 1830 et
284 1785 326 1827 ex
352 1784 420 1828 suo
442 1759 689 1826 tantummodo
714 1754 924 1843 voluntate,
947 1761 1009 1828 sed
1032 1787 1075 1831 ex
1095 1789 1167 1832 vo·

126 1879 269 1951 harere
291 1874 370 1943 Dei
387 1877 440 1945 brai
457 1873 633 1954 πνεύματος
652 1873 746 1950 ἁγίου
764 1872 932 1959 patefacta
949 1896 986 1939 se
1004 1875 1078 1945 Deo
1097 1878 1166 1945 ob.

128 1989 212 2063 tulit
238 1979 423 2056 victimam.
477 1986 590 2053 Morte
616 1983 745 2049 Christi
780 1987 844 2054 θεοῦ
868 1989 1022 2059 ἐτελείετο
1053 1995 1165 2075 βουλή.

114 2109 207 2194 'Huc
231 2103 406 2196 quadrant
430 2100 555 2181 etiam,
578 2119 665 2187 quae
684 2095 737 2172 X,
757 2097 780 2167 5
801 2120 880 2188 sqq.
902 2097 1085 2184 leguntur,
1104 2103 1166 2172 ubi

128 2220 270 2294 Messias
286 2218 431 2309 loquens
448 2210 682 2280 introducitur
703 2211 892 2278 secundum
911 2212 1080 2282 Psalmum
1101 2219 1167 2287 402

128 2342 221 2412 Cum
237 2335 322 2417 tibi,
343 2331 501 2409 o‚Deus,
525 2324 720 2392 holocausta
742 2343 777 2394 et
792 2326 960 2393 sacrificia
981 2327 1167 2422 piacularia

125 2478 202 2524 non
234 2448 414 2542 placeant,
447 2441 517 2528 jam
549 2437 712 2523 declaro,
748 2426 802 2506 ine
833 2463 906 2506 esse
934 2459 1092 2533 paratum
1121 2441 1167 2508 ad

125 2564 328 2641 mandatum
344 2576 439 2625 tuum
449 2552 707 2646 exsequendum
725 2551 813 2620 sicut
824 2554 861 2619 in
875 2577 975 2622 sacro
995 2556 1166 2628 volumine

123 2682 173 2752 ‹Ie
195 2702 250 2748 mc
276 2673 515 2763 scriptumest
538 2671 653 2753 (31).
692 2667 982 2758 Praepositiouem
998 2673 1049 2742 διὰ
1064 2694 1164 2740 sensu

120 2824 144 2866 a
174 2816 229 2862 me
257 2789 369 2882 posito
395 2780 553 2853 adhiberi
569 2800 692 2872 posse,
714 2796 809 2871 patet
836 2783 1073 2868 exRom011,
1095 2806 1156 2855 rer

119 2980 340 3016 ..a-n·-
355 2964 359 2976 ¹

160 3121 235 3198 (δι)
253 3121 295 3175 Ita
310 3129 413 3174 vertunt
429 3117 496 3172 hunc
510 3117 594 3172 iocum
612 3116 732 3172 Morus
754 3125 781 3169 et
799 3112 938 3170 Sebnlr.
955 3112 1107 3170 Mandatum
1118 3115 1161 3170 ti-

122 3216 233 3282 dnnn,
248 3207 279 3263 de
297 3207 389 3280 quoin
406 3204 447 3258 bis
462 3204 546 3257 verbis
564 3220 648 3257 sermo
662 3213 719 3270 eet,
735 3202 850 3270 pertinet
865 3200 897 3253 ad
915 3213 1025 3255 mortem
1046 3203 1163 3275 Christi,

122 3299 196 3374 quoti
211 3306 283 3368 petet
300 3313 330 3348 ex
344 3292 429 3345 verbis
448 3291 525 3354 σῶμα
539 3291 698 3359 κατηρτήσω
718 3306 764 3350 μοι
783 3304 821 3339 vs·
840 3290 873 3356 5,
889 3305 919 3340 ex
934 3289 1026 3358 quibus
1043 3301 1097 3346 ton
1118 3311 1164 3346 ar-

118 3382 286 3460 Ιςιιιιιοιηιιιὶο
309 3379 386 3449 hujus
409 3378 461 3433 loei
484 3375 586 3448 pendet.
621 3375 676 3430 Hoc
691 3377 769 3428 enirn
784 3374 839 3429 vult
859 3387 964 3432 auctor:
987 3378 1051 3431 Jes'u
1070 3397 1162 3450 corpur

124 3477 218 3531 datum
233 3482 274 3526 est
287 3487 303 3522 a
314 3467 389 3537 Deo,
406 3477 436 3520 ut
455 3465 509 3534 ejus
526 3464 683 3517 voluntatem
698 3474 896 3533 exsequeretur-3
915 3464 982 3520 hanc
999 3466 1049 3519 Dei
1069 3467 1163 3541 voiun-

122 3575 207 3622 tatem
227 3567 359 3615 exsecutus
378 3564 418 3608 est
435 3551 564 3612 oblatione
583 3559 698 3620 eorporis
718 3555 773 3613 sui,
801 3554 850 3603 διὰ
870 3556 921 3621 τὴν
938 3556 1091 3623 προσφορὰν
1114 3554 1165 3604 τοῦ

124 3650 261 3714 caperes.
294 3643 382 3699 Lectio
401 3641 504 3695 varians
523 3639 607 3709 bele,
623 3656 776 3710 quamquam
800 3638 937 3693 Hebraicis
955 3640 1086 3709 convenit,
1100 3658 1165 3694 eon-

123 3738 188 3798 eilio
204 3732 318 3789 rectoris
337 3745 441 3800 prorsus
460 3726 591 3782 contraria
617 3737 644 3778 et
663 3725 726 3778 salsa
745 3736 791 3782 est.
827 3725 939 3779 Morus
958 3737 1042 3779 tamen
1060 3727 1164 3787 camin

119 3844 170 3884 sue
189 3820 308 3877 terrione
328 3815 467 3886 expressit:
496 3813 604 3886 »Opfer
620 3812 764 3882 reclangest
780 3813 815 3866 du
833 3813 923 3882 nicht,
942 3813 1003 3866 aber
1023 3832 1081 3867 eum
1108 3814 1165 3868 Ge·

123 3913 231 3967 boetem
253 3908 312 3961 bart
329 3904 364 3957 du
382 3901 457 3956 nich
473 3901 635 3970 geebbnew'
670 3898 724 3957 cfr.
751 3901 821 3968 ling
844 3898 877 3952 ad
898 3899 965 3952 hune
988 3899 1072 3954 locum
1089 3904 1165 3956 Eiri-

123 4001 235 4071 lot'wug
255 3994 330 4049 Tum.
345 3990 373 4046 11
382 4027 391 4055 .
400 3992 479 4057 460,
494 3987 541 4058 qui
555 3986 616 4040 inde
631 3998 701 4042 recte
719 3987 831 4058 prohat,
846 3996 963 4041 nostram
978 3987 1113 4060 epistolam
1129 3989 1163 4042 ,Β

126 4076 232 4157 origiue
245 4082 368 4137 idiomate
386 4078 559 4134 Graeeo'eree
576 4072 707 4147 eeriptam,
975 4072 976 4075 ¹
1009 4068 1012 4073 ·
