2604 4740
565 106 745 202 (139)

127 279 226 369 ,nibil
259 287 503 379 scripserunt?
547 294 797 389 Hieronymus,
834 297 1042 384 Augustinus
1074 319 1177 395 atque

131 398 239 465 etiam
256 405 432 496 antiquior
450 401 596 498 utroque
615 411 720 477 Linus
744 415 902 503 pontifex
924 433 1101 501 asserunt,
1114 434 1173 485 at·

134 537 205 604 qne
219 515 305 584 adeo
317 519 466 591 Johanui
479 521 725 594 Sarisberiensi
745 528 933 620 (scriptori
944 531 1069 598 saeculi
1082 532 1178 620 XII)

122 626 274 719 ,fortiter
297 631 454 725 desipere
475 639 658 721 ridentur,
691 640 845 731 quinon
868 661 1075 712 venerantur
1097 673 1179 716 eum

125 741 352 839 (Senecam),
377 775 480 844 quem
494 749 715 844 apostolicam
728 754 998 825 familiaritatem
1012 762 1175 831 meruisse

126 862 307 935 ¹constat.'’

175 978 215 1048 Β.
233 978 319 1047 Istae
332 979 546 1069 Epistulae,
570 981 697 1072 quibus
716 981 856 1051 traditio
873 981 916 1050 de
935 985 1042 1053 Paulo
1058 987 1171 1058 Sene-

130 1110 189 1159 cae
208 1091 369 1160 familiari
389 1096 602 1188 potissimum
623 1098 767 1177 nititur,
796 1116 878 1166 snnt
901 1125 1050 1169 numero
1076 1129 1173 1192 qua-

124 1207 352 1290 ¹fisordecr'm,
377 1235 523 1302 quarum
539 1228 617 1279 octo
642 1212 791 1281 Senecae
814 1214 859 1280 ed
882 1215 1024 1282 Paulum
1053 1234 1088 1282 et
1113 1241 1171 1286 sex

130 1322 227 1391 Pauli
242 1323 286 1391 ad
299 1325 469 1395 Senecam.
486 1327 563 1414 (1).
606 1329 843 1419 Reperiuntnr
861 1322 1170 1420 in'antiquioribus

125 1440 292 1528 Operum
314 1441 462 1510 Senecae
485 1442 718 1526 editionibus,
739 1444 777 1533 in
804 1444 1012 1511 Fabricii
1038 1448 1170 1515 Codice
1267 1518 1269 1523 ,

132 1553 354 1645 Apocryplro
378 1557 447 1645 (2)
468 1557 521 1625 N.
544 1558 588 1624 T.
610 1559 711 1625 Tum.
723 1559 775 1635 ΙΙ,
798 1582 835 1647 p.
855 1561 942 1642 880,
965 1561 1056 1626 etin
1081 1562 1170 1626 Pri·

131 1669 185 1737 tii
207 1670 485 1741 Introductioua
516 1673 555 1738 ia
575 1672 629 1742 N.
653 1672 710 1750 T..
733 1670 819 1740 edit.
842 1671 1106 1761 Hofmanni‚
1128 1702 1167 1767 p.
1237 1691 1240 1701 ·

130 1784 193 1875 tio
214 1805 297 1874 sqq.

175 1923 205 1969 t·
246 1899 319 1966 Hae
349 1898 512 1992 epistolae
541 1899 763 1981 amoebaeac,
797 1923 1006 1990 quamquam
1036 1900 1119 1970 olim
1137 1885 1166 1972 'a

127 2012 244 2081 multis
263 2012 451 2100 theologis,
474 2037 621 2106 quorum
640 2015 779 2081 nomina
800 2012 1039 2084 Fabricius
1061 2017 1098 2084 iu
1114 2018 1162 2086 ti-

125 2127 190 2197 bro
207 2127 348 2197 laudato
368 2144 548 2212 recenset,
578 2150 644 2224 pro
667 2127 873 2195 authenticis
898 2129 1036 2198 habitae
1059 2151 1164 2221 sunt,
1199 2146 1200 2153 ’

119 2243 346 2335 ficticiorum
364 2258 469 2313 uotae
486 2244 616 2335 ubique
638 2267 773 2334 praese
791 2242 921 2313 ferunt.
964 2246 1079 2338 Stylus
1099 2274 1162 2316 ea·

124 2383 203 2429 rum
232 2377 286 2427 est
316 2361 465 2428 Senecae
496 2357 583 2448 stylo
612 2356 886 2446 dissimillimus,
922 2359 1090 2427 barbarus
1126 2379 1162 2430 ct

123 2474 229 2542 multo
251 2475 415 2541 seriorem
439 2488 583 2540 aetatem
605 2472 758 2559 redolet3
791 2496 946 2541 necnon
974 2472 1097 2547 Paulus
1121 2477 1160 2549 iu

122 2590 163 2657 iis
186 2613 312 2680 parum
337 2586 591 2662 accommodate
616 2587 660 2655 ad
691 2587 822 2676 ingenii
850 2588 904 2656 sui
930 2585 1082 2656 indolem
1109 2587 1162 2656 lo·

121 2707 260 2798 quitur,
275 2720 373 2771 vocat
384 2705 550 2771 Senecam
565 2702 821 2772 devotissimum
836 2702 1034 2789 magistrum
1046 2704 1158 2794 Epist.

85 2830 87 2835 ’
120 2844 179 2905 ιο,
202 2818 300 2886 etde
321 2818 422 2887 rebus
448 2816 535 2884 levis
559 2817 724 2884 momenti
744 2815 887 2906 apostoli
910 2815 1075 2903 gravitate
1092 2820 1154 2885 in-

121 2939 234 3024 dignis
247 2937 350 3003 verba
368 2935 462 3002 facit.
499 2935 588 3003 Hinc
602 2934 727 2999 nostris
741 2934 951 3022 temporibus
973 2934 1015 2998 ab
1035 2935 1154 3001 omni-

121 3053 185 3121 bus
207 3051 393 3137 theologis,
414 3051 625 3116 nostratibus
649 3065 684 3115 et
708 3049 917 3142 pontificiis.
943 3072 1007 3140 pro
1029 3051 1155 3140 spuriis

123 3184 154 3236 et
167 3166 407 3237 commentitiis
420 3165 611 3243 habentur,
635 3186 723 3256 qnae
736 3165 778 3231 ab
790 3162 862 3231 ullo
879 3164 994 3257 aliquo
1009 3164 1156 3235 obscuro

152 3479 207 3553 (a)
230 3479 307 3534 Sexta
329 3477 437 3550 epistola
462 3476 559 3548 scripta
584 3487 624 3533 est
647 3475 824 3531 adsenseum
846 3487 874 3531 et
897 3436 1159 3551 tucittuu'euujuu·

120 3577 207 3726 Ἣ)
225 3655 277 3722 Qut
293 3655 397 3711 omnino
415 3653 447 3707 de
464 3652 513 3709 bac
530 3672 558 3708 re
574 3649 743 3706 consulendus
766 3660 823 3720 est,
850 3663 876 3703 et
899 3649 1054 3708 chnler
1077 3658 1156 3709 Aus-

115 3746 256 3813 fbbrlr'cha
270 3745 483 3816 Unteranclmng
498 3746 546 3796 det·
567 3745 679 3797 Grrtude
685 3743 742 3813 fiir
752 3741 797 3791 dle
807 3735 958 3791 Aecttluit
967 3751 1015 3796 tte.
1035 3739 1109 3797 Tum.
1122 3741 1157 3816 V,

121 3836 204 3897 Mf's
215 3851 291 3904 sqq.5
307 3831 429 3902 tetigit
446 3833 619 3886 Dissertatio
636 3833 669 3886 ds
685 3827 822 3884 Patribus
839 3826 1026 3900 Apostols'cs‘s,
1044 3833 1070 3900 b.
1086 3831 1129 3890 23.
