2604 4740
563 106 741 193 (169)

128 310 210 356 rum
230 283 364 376 placitis
393 289 627 369 consentiret3
651 309 723 354 non
751 285 911 368 admisit,
935 299 1102 378 quatenus
1129 282 1170 348 iis

131 418 223 469 esset
245 398 427 467 contrariu·
470 402 598 470 Mansit
629 402 823 469 Stoicorum
851 399 974 466 assecla
993 421 1103 490 usque
1128 396 1173 463 ad

133 532 305 589 mortem,
338 530 483 582 mortem
515 516 739 583 voluntariam
767 510 1027 594 commendans,
1059 509 1174 602 quoad
1243 564 1247 573 .

133 653 231 720 spem
257 626 393 696 alterius
418 633 503 698 vitae
523 652 657 724 semper
687 629 877 710 fluctuans,
901 625 1063 693 humanas
1084 625 1175 693 vires

134 744 182 811 ad
202 745 292 810 bene
308 742 477 832 beateque
497 743 679 812 vivendum
699 765 804 833 supra
819 739 958 807 modum
982 738 1175 822 extollens,

134 874 170 924 et
190 859 356 926 Catonem
377 858 573 923 Uticensem
591 874 762 946 tamquam
778 852 970 943 exemplum
988 853 1175 945 sapientiae

121 972 291 1072 ⁸omnibus
316 970 464 1039 numeris
485 969 655 1037 absolutae
680 970 913 1036 considerans.

177 1109 210 1153 o.
235 1086 309 1151 Huc
333 1084 485 1168 accedit,
508 1084 601 1176 quod
626 1085 757 1154 Seneca
777 1084 879 1150 homo
903 1082 1046 1169 ingenti
1073 1079 1170 1146 dioi-

137 1202 277 1267 tiurum
290 1200 393 1286 sopio
408 1199 596 1266 abundans
610 1197 698 1278 fuit,
711 1216 746 1266 et
759 1196 925 1289 quicquid
939 1198 1040 1263 etiam
1063 1195 1171 1284 Lip-

133 1314 229 1387 sius
251 1329 286 1377 et
308 1310 493 1378 Diderot
513 1313 556 1379 ad
580 1310 744 1381 Senecam
766 1314 804 1378 iu
836 1313 900 1378 hac
922 1334 1021 1377 causa
1043 1307 1170 1374 defen-

134 1425 291 1492 dendum
312 1424 484 1505 dixerint,
505 1442 540 1492 et
558 1426 726 1517 quicquid
746 1429 818 1516 ipse
840 1424 883 1491 de
904 1425 1030 1491 divitiis
1049 1443 1173 1512 parunt

135 1538 353 1606 aestimandis
370 1536 561 1625 scripserit,
582 1540 791 1607 divitiarum
805 1540 1053 1627 pecuniaeque
1069 1536 1173 1622 justo

135 1656 329 1720 amantior.
382 1651 508 1718 Merito
538 1671 695 1742 suspecta
725 1652 910 1730 habemus,
944 1673 1031 1738 quae
1060 1648 1175 1713 hostes

136 1767 285 1834 Senecae
317 1764 539 1847 objecerunt,
561 1791 591 1833 e.
611 1790 641 1852 g.
674 1765 822 1838 Suilius,
854 1767 936 1855 qui,
965 1781 1005 1828 ut
1031 1761 1172 1828 Tacitus

135 1881 230 1947 Anu.
258 1879 285 1949 l.
309 1878 414 1960 Xlll,
436 1883 489 1948 42.
520 1879 643 1963 refert,
676 1879 725 1945 ita
761 1878 953 1965 objurgavit
984 1876 1172 1944 Senecamt

135 1997 250 2082 «Qua
282 1993 471 2082 sapientia,
504 1993 628 2083 quibus
660 1993 942 2081 philosophorum
976 1988 1173 2078 praeceptis

134 2109 229 2174 intra
265 2106 530 2198 quadriennium
555 2107 665 2192 regiae
694 2109 859 2177 amicitiae
884 2124 936 2172 ter
964 2102 1083 2170 millies
1113 2126 1174 2168 se·

133 2223 292 2287 startiam
313 2221 360 2308 (i.
381 2244 407 2285 e.
428 2245 468 2288 ex
491 2237 606 2287 nostra
632 2220 1006 2310 computandiratione
1029 2236 1172 2307 septua-

128 2337 204 2424 gies
224 2334 406 2428 quinquies
429 2353 570 2402 centena
597 2334 702 2401 millia
720 2336 906 2411 solidorum
923 2333 1168 2419 imperialium,

129 2473 192 2517 seu
222 2453 371 2538 7500000
402 2448 659 2536 Reichsthaler)
692 2451 898 2538 paravisset?
943 2451 1076 2515 Romae.
1096 2462 1170 2511 tes·

130 2580 281 2641 tamenta
302 2580 337 2630 et
357 2565 456 2630 orbos
476 2567 547 2647 ejus
571 2564 731 2650 indagine
754 2564 838 2652 capi.
880 2562 1009 2631 Italiam
1028 2580 1063 2629 et
1081 2584 1171 2651 pros·

129 2678 266 2747 vincias
292 2677 455 2743 immenso
486 2677 626 2747 foenore
660 2680 821 2746 hauriri.''

178 2794 287 2857 Porro·
304 2792 370 2857 Dio
394 2784 544 2867 Cassius,
567 2791 724 2858 hostilem
742 2817 821 2878 erga
839 2794 1002 2862 Senecam
1022 2792 1173 2859 animum

129 2906 264 2995 ubique
282 2907 319 2970 iu
340 2905 480 2970 historia
507 2908 670 2993 temporis
687 2904 777 2971 illius
798 2929 931 2996 praese
952 2907 1089 2986 feretra,
1110 2907 1171 2971 in·

131 3040 188 3091 ter
214 3043 325 3085 causus
354 3021 537 3086 Britannici
568 3017 649 3084 belli
671 3019 796 3101 refert,
822 3019 914 3108 quod
931 3021 1078 3101 Seneca,
1096 3043 1175 3086 cum

130 3133 417 3227 quadringenties
444 3135 635 3197 sestertium
668 3132 720 3197 vel
751 3132 863 3202 decies
897 3130 1040 3203 centena
1069 3135 1176 3200 millia

128 3247 360 3338 imperialium
390 3247 485 3332 (eine
513 3244 644 3309 million
666 3246 929 3338 Reiehsthaler)
951 3275 1073 3336 magno
1094 3249 1173 3315 foe·

127 3385 217 3430 nore
243 3361 415 3427 Britannis
446 3357 668 3440 credidisset,
701 3363 893 3430 universam
932 3362 1027 3429 illam
1063 3384 1173 3452 pecu.

124 3476 222 3542 niam
247 3471 319 3538 ¹uno
351 3491 502 3563 tempore
533 3475 768 3561 repetebat:’'
819 3478 992 3544 Mittamus
1025 3477 1109 3542 haec
1140 3493 1175 3541 et

124 3584 213 3666 alia,
232 3611 317 3675 quae
338 3587 448 3652 hostes
467 3589 612 3655 Senecae
632 3590 1037 3681 objecerunt,tamquam
1056 3595 1174 3658 incer-

103 3719 172 3768 ta.
217 3703 350 3767 Cestius
370 3720 403 3767 et
431 3705 568 3792 aequius
592 3704 635 3768 de
653 3705 778 3771 Seneca
797 3705 963 3797 exipsius
984 3705 1096 3772 uerbis
1116 3709 1175 3789 ju-

122 3810 327 3889 dicabimus.
357 3819 434 3906 Ipse
456 3817 640 3889 confitetur
657 3819 693 3883 in
711 3817 801 3884 libro
822 3816 866 3885 de
886 3819 1172 3908 Tranquillitate,
