2604 4740
572 110 750 202 (137)

141 301 185 369 ab
208 297 317 366 altero
339 293 505 363 nonnulla
524 309 696 361 mutuatus
712 297 768 361 sit.
805 296 878 363 Hoc
904 318 1009 376 vero.
1029 323 1097 387 pro
1122 326 1187 370 ex.
1278 324 1280 329 ·

139 412 348 505 emplarium
362 407 674 502 manuscriptorum
682 410 830 479 -raritate
852 426 886 476 et
906 416 1052 482 maxime
1066 438 1188 486 recens

139 521 552 601 exaratorumlibrorum,
576 521 767 610 cujusmodi
784 541 857 592 tum
874 529 1035 618 temporis
1055 516 1187 623 scripta

139 643 287 713 Senecae
313 655 348 706 et
372 635 468 705 Pauli
496 654 616 722 erant,
647 638 745 706 nullo
772 640 837 706 ulio
857 639 934 709 loco
956 646 1186 734 opportunius

138 757 216 827 fieri
236 754 350 847 potuit
371 778 473 845 quam
489 755 638 837 Romae,
661 754 723 820 ubi
744 757 873 822 Seneca
891 755 1106 827 domicilium
1125 762 1185 828 ha-

136 872 228 939 huit.
273 871 348 936 Jam
368 893 410 935 ex
432 867 603 935 historicis
630 869 859 955 argumentis,
884 850 971 960 quae
990 872 1081 941 infra
1102 900 1186 967 pro-

133 986 314 1069 ferentur,
337 983 455 1050 doceri
466 999 600 1074 potest,
622 984 767 1050 Paulum
780 983 899 1052 saltem
918 1011 981 1075 per
999 988 1182 1060 biennium

134 1125 176 1170 eo
203 1118 358 1191 tempore
384 1103 513 1168 Romae
541 1115 785 1167 commoratum
812 1123 903 1177 esse.
936 1125 1006 1191 quo
1022 1099 1182 1195 plerique

132 1214 219 1284 libri
241 1218 390 1283 Senecae
406 1211 460 1298 rel
478 1216 548 1302 jam
563 1216 684 1309 scripti
703 1231 836 1299 esseut,
848 1214 1180 1302 vel'scriberentur,

134 1352 244 1423 eoque
266 1328 337 1396 fere
362 1345 516 1420 tempore
536 1330 702 1421 scriptam
723 1352 793 1396 esse
822 1328 866 1395 ad
897 1330 1071 1398 Hebraeos
1094 1336 1176 1421 epi-

135 1443 267 1523 stolam.
313 1447 400 1513 Cum
417 1468 499 1512 vero
521 1443 566 1513 de
583 1442 679 1512 nullo
699 1442 764 1511 alio
783 1443 925 1510 doctore
947 1461 1018 1510 tum
1038 1463 1182 1538 tempo·'

134 1563 180 1629 ris
203 1560 480 1628 Christianorum
502 1575 656 1641 constet,
680 1558 740 1647 qni
763 1558 889 1625 Romae
908 1582 972 1646 per
996 1562 1176 1630 biennium

134 1693 359 1743 commoratus
375 1677 439 1757 sit,
464 1691 499 1742 et
519 1675 690 1741 librorum
711 1673 859 1742 Senecae
877 1672 1103 1757 legendorum
1120 1673 1175 1746 vel

132 1790 342 1858 desiderium
353 1790 407 1859 rel
421 1789 633 1856 occasionem
649 1786 777 1853 habere
795 1789 969 1875 potuerit3
993 1788 1030 1855 id
1045 1793 1172 1877 etiam,

132 1904 225 1998 quod
251 1905 403 1973 secundo
422 1903 500 1972 loco
518 1903 715 1994 posuimus,
748 1899 839 1971 lavet
860 1899 983 1988 origini
1004 1905 1168 1999 epistolae

128 2034 263 2087 nostrae
286 2017 461 2088 Paulinae.
953 2028 960 2047 ¹

169 2136 214 2206 C.
248 2133 317 2202 Sed
336 2156 389 2201 res
406 2132 567 2202 redditur
581 2130 796 2224 expeditior,
819 2131 847 2197 si
861 2153 1048 2219 sumamus,
1073 2138 1169 2228 quod

127 2247 229 2337 tertio
247 2246 324 2315 loco
346 2250 496 2340 positum
514 2264 609 2330 erat,
631 2249 723 2313 inter
737 2262 910 2315 auctorem
929 2266 1065 2318 nostrae
1085 2255 1166 2346 epi·

126 2361 229 2431 stolae
251 2380 287 2430 et
303 2363 468 2434 Senecam
485 2361 784 2430 consuetudieem
792 2363 854 2429 vel
861 2362 1167 2451 familiaritatem

127 2480 310 2571 quandam
330 2479 511 2546 extitisse.
564 2475 690 2566 Quod,
724 2477 754 2542 si
785 2476 1025 2569 probabilibus
1057 2503 1163 2567 argu·

124 2594 248 2660 mentis
270 2590 388 2660 doceri
411 2593 547 2682 potuit,
577 2593 686 2657 instar
708 2595 860 2658 omnium
890 2609 943 2659 est
963 2591 1007 2659 ad
1030 2615 1162 2664 conve·

123 2710 290 2776 nientiam
305 2708 398 2775 inter
417 2706 595 2797 epistolam
613 2704 656 2771 ad
676 2700 847 2773 Hebraeos
865 2721 901 2772 et
918 2703 1046 2800 scripta
1066 2734 1161 2777 non·
1225 2773 1228 2778 .

122 2823 216 2890 nulla
239 2826 387 2891 Senecae
411 2823 478 2889 rite
506 2818 758 2911 explicandam.
803 2817 876 2886 Hoc
905 2825 997 2888 enim
1020 2825 1162 2912 posito,

122 2936 363 3026 intelligimus,
393 2963 460 3030 qna
482 2936 538 3007 via
561 2934 710 3002 Senecae
735 2933 863 3024 scripta
884 2935 1015 3001 auctori
1043 2951 1162 3002 nostro

120 3054 336 3120 innotescere
355 3052 555 3141 potuerint,
581 3051 643 3137 qut
674 3042 802 3114 factum
820 3048 883 3131 sit,
905 3066 1032 3116 utnon
1058 3051 1160 3117 modo

123 3169 229 3239 Stoici
254 3168 339 3260 quid
358 3168 395 3234 in
416 3167 561 3258 epistola
576 3164 619 3230 ad
636 3164 829 3244 Hebraeos,
853 3162 1028 3230 sedetiam
1048 3163 1156 3228 Chri-

122 3281 223 3351 stiani
245 3281 330 3374 quid
356 3285 392 3347 in
415 3279 590 3347 nonnullis
615 3281 753 3369 scriptis
784 3279 932 3346 Senecae
953 3278 1157 3368 reperiatur.

121 3398 196 3463 lam
215 3422 296 3464 vero
318 3412 413 3464 vetus
434 3413 486 3461 est
508 3392 674 3474 traditio,
707 3394 799 3459 inter
822 3391 965 3462 Paulum
988 3409 1023 3457 et
1044 3391 1158 3460 Sene-

122 3532 194 3578 cam
216 3509 498 3579 consuetudinem
517 3523 552 3573 et
568 3502 833 3576 familiaritatem
848 3505 1021 3597 quandam
1041 3506 1155 3572 inter·

123 3627 269 3698 cessisse.
315 3631 364 3695 De
393 3624 458 3690 hac
481 3621 666 3705 traditione
684 3623 852 3731 ¹sequenti
873 3621 984 3709 capite
1007 3619 1156 3692 dicetur.
