2604 4740
490 105 687 204 (·¹⁰3',·)

56 286 198 361 cmsot.
212 284 266 377 ¹ad
290 281 443 353 Helviam
457 285 547 354 Vns·
585 286 787 379 «Quisquis
816 291 981 365 sor-mator
1009 322 1094 369 uns.

56 402 147 475 sarsi
169 399 257 479 tuit.
285 399 355 467 siva
377 397 436 467 ilis
456 399 548 468 Deus
578 417 650 480 est,
674 419 796 496 potens
822 409 995 492 omniurn,
1025 414 1096 485 sive

55 512 283 605 inootporalis
308 514 397 579 ratio
413 513 603 600 ingentium
628 539 771 604 operum
791 519 934 607 artifex,
956 527 1026 594 sive
1043 525 1098 595 di·

55 631 156 703 vinus
178 625 320 715 spiritus
346 653 410 720 per
442 631 575 711 omnia,
599 633 743 697 maxima
773 637 933 715 minima,
962 639 1097 728 aequali

56 745 253 815 intentione
275 741 437 826 diffusus,
460 743 528 811 sive
550 743 711 811 intumet
734 745 955 818 immutabilis
983 776 1097 821 cansa·

55 884 135 931 rum
159 860 254 927 inter
280 882 315 926 sa
343 857 598 940 cohaerentium
624 861 726 926 series
738 859 762 892 ”
796 877 863 931 cet.
904 865 956 931 De
977 865 1096 937 Benes.

55 974 126 1048 Ns
145 973 191 1046 82
235 1003 254 1045 u
271 972 309 1041 si
326 975 435 1042 Deum
449 995 549 1043 rocas
567 988 742 1058 naturam,
756 972 886 1059 fatum,
900 976 1095 1066 fortunam

55 1090 171 1159 omnia
194 1086 349 1174 ejusdem
376 1090 440 1157 Dei
468 1076 608 1157 nomina
628 1104 733 1168 sunt,
765 1090 856 1159 varia
883 1092 1011 1158 utentis
1038 1116 1099 1163 sua

59 1212 241 1292 potestate.
271 1196 309 1266 Si
330 1199 455 1292 quida
478 1202 609 1269 Seneca
629 1200 837 1292 accepisses,
854 1217 889 1269 et
904 1203 1049 1273 Annaeo
1064 1219 1100 1273 ta

53 1311 195 1383 diaetas
218 1310 343 1379 debere
368 1308 422 1379 vel
451 1312 579 1380 Lucios
605 1335 676 1378 non
702 1311 910 1385 creditorem
931 1334 1103 1403 mutares,

57 1425 123 1499 sed
146 1449 297 1510 nomen,
324 1424 489 1514 quoniam
510 1424 580 1491 sive
608 1447 816 1512 praenomen
834 1429 929 1515 ejus,
952 1432 1021 1499 sive
1043 1455 1106 1500 no·

43 1559 140 1635 'man
154 1536 397 1613 dixisses,sive
420 1558 627 1621 cognomen,
645 1536 738 1605 idem
764 1555 874 1609 tamen
898 1541 956 1611 ille
977 1547 1102 1616 esset.”

100 1659 235 1737 Πνεῦμα
258 1649 347 1734 ἅγιον
374 1674 455 1736 ergo
480 1675 499 1716 a
527 1664 644 1716 nostro
670 1649 797 1718 dicitnr
819 1663 947 1738 assisto
969 1663 1104 1744 uisitur,

61 1762 226 1855 qnoniam
251 1762 343 1831 illius
373 1763 486 1829 animo
508 1762 628 1848 dogma
655 1764 699 1830 da
722 1766 869 1833 decretis
891 1768 954 1833 Dei
978 1769 1020 1835 ab
1042 1793 1106 1838 aa·

59 1900 164 1952 terno
183 1880 399 1962 constitutis,
422 1877 563 1965 seriptis
580 1899 621 1942 ne
636 1880 889 1966 pronuntiatis,
910 1881 964 1948 vel
983 1882 1106 1970 dogma

60 1997 109 2067 do
120 1999 204 2079 fato
228 1993 493 2074 obversabatur,
512 2008 546 2056 et
569 1980 729 2080 quoniam
748 1993 841 2061 inter
860 1995 987 2078 fatum,
1011 1997 1106 2087 quod

60 2138 83 2181 a
96 2109 219 2207 joade
249 2105 306 2181 vel>
328 2106 603 2192 pronuntiando
626 2104 788 2188 (decreta
815 2109 957 2196 divina)
981 2135 1108 2180 nomen

59 2223 191 2302 habet,
214 2238 264 2288 et·
279 2218 372 2287 inter
405 2215 572 2309 Spiritum
602 2213 790 2301 Sanctum,
820 2217 937 2290 divina
966 2224 1107 2294 decreta

61 2360 132 2433 per
170 2329 353 2419 nonnullos
392 2328 548 2395 homines
586 2333 884 2420 promulgantem,
918 2333 1109 2406 similitudo

64 2447 236 2545 quaedam
256 2440 451 2511 intersedit.

110 2560 267 2632 Christus
287 2581 324 2622 se
353 2554 482 2620 obtulit
503 2553 584 2621 Deo
606 2555 797 2621 victimam
826 2559 898 2626 tta
925 2588 984 2630 sss.
1005 2567 1108 2637 aino.

63 2677 90 2746 i.
112 2698 144 2742 e.
167 2695 238 2738 non
264 2691 328 2758 pro
345 2665 482 2746 lubitu,
505 2690 576 2736 non
598 2691 639 2734 ex
665 2668 810 2756 propria
830 2669 1022 2756 voluntate,
1045 2675 1107 2743 sed

65 2782 238 2858 voluntati
257 2780 319 2846 nei
338 2802 403 2867 per
425 2780 461 2847 S·
486 2778 522 2845 S.
545 2778 731 2866 patefactae
752 2781 954 2871 obsequens.
997 2784 1041 2851 In
1059 2784 1109 2853 li·

65 2907 136 2976 bro
159 2899 203 2967 de
224 2897 325 2963 Prov.
344 2894 398 2977 V,
421 2893 550 2960 Seneca
572 2890 669 2957 dicit.
714 2893 813 2960 Hanc
832 2899 1016 2965 animosam
1034 2896 1110 2966 De·

67 3012 188 3087 metrii
210 3007 384 3078 fortissimi
408 3007 475 3073 viri
497 3026 614 3071 vocem
638 3000 769 3070 audisse
792 3005 955 3099 meminis
999 3037 1018 3081 u
1037 3009 1111 3075 Hoo

67 3151 200 3211 unum,
221 3122 356 3213 inquit,
378 3120 433 3187 Dii
464 3115 687 3196 immortales,
711 3115 753 3182 de
784 3116 879 3182 vobis
900 3121 997 3207 queri
1021 3143 1107 3210 pos·

70 3265 164 3318 snm,
189 3231 285 3329 quod
310 3255 381 3299 non
400 3249 477 3298 ante
500 3231 584 3296 mihi
608 3226 816 3300 voluntatem
833 3249 978 3298 vestram
995 3249 1110 3301 notam

71 3350 214 3427 fecistis.
260 3347 359 3413 Prior
383 3347 475 3413 enim
495 3344 538 3412 ad
555 3349 618 3413 ista
637 3347 823 3433 venissem,
847 3347 993 3434 adquae
1016 3369 1111 3412 nuno

77 3475 219 3533 vocatus
245 3460 358 3527 sum.''
403 3461 498 3526 Jesus
519 3460 561 3526 ab
580 3477 716 3526 auctore
737 3474 854 3522 nostro
870 3455 965 3547 quasi
980 3455 1113 3525 meliori

78 3569 278 3659 conditione
301 3572 551 3660 obtemperasse
582 3570 655 3636 Deo
674 3585 710 3634 et
736 3589 850 3656 passus
876 3590 946 3633 esse
968 3585 1114 3635 mortem

75 3685 207 3755 dieitur
229 3685 266 3753 in
291 3708 350 3769 eo,
374 3683 468 3773 quod
494 3687 599 3753 sciret
615 3689 651 3757 τὸ
675 3685 795 3766 θέλημα
816 3684 902 3765 θεοῦ,
922 3682 989 3775 ipsi
1009 3699 1114 3774 pate-

77 3800 209 3871 factum
229 3803 282 3873 isis
299 3830 352 3873 sss·
371 3804 432 3884 ἑγ.
451 3804 483 3873 ἐν
505 3803 652 3891 κεφαλίδι
668 3799 817 3882 βιβλίον,
840 3794 936 3886 qussi
951 3797 989 3863 in
1014 3793 1115 3865 volu·
