2604 4740
546 329 562 430 t
606 330 667 428 178
709 335 727 426 l

120 530 268 598 dentes?
297 541 413 591 utrum
432 522 675 612 Hierosolymis
700 521 882 608 degentes,
906 543 950 586 an
977 507 1151 593 Clarittianl

119 670 161 711 ex
189 639 326 709 ludaeis
369 640 406 703 in
439 637 513 703 aliis
541 636 685 703 urbibus
714 652 750 702 et
783 634 980 724 regionibus
1013 635 1153 707 Asiaeet

119 758 278 843 Europus
300 752 576 820 commorantes?

165 866 371 939 Schmidt
390 865 429 935 iu
450 864 563 931 libror
587 863 806 949 Etnleitnng
835 864 893 930 ino
917 864 971 933 N.
996 865 1041 934 T.
1063 866 1105 933 T·
1121 865 1153 950 1,

121 1008 159 1074 p.
181 983 378 1069 281-295·
411 976 455 1045 ad
481 976 695 1055 Christianos
722 1001 764 1046 ex
789 977 928 1059 ludaeis
950 977 1151 1049 Menandri·

120 1121 182 1165 nos
207 1096 373 1184 scriptam
398 1113 470 1161 esse
499 1091 679 1161 contendit
704 1092 750 1161 ob
781 1093 1073 1170 Alexandrinam
1099 1094 1153 1163 di·

122 1211 231 1279 cendi
252 1209 451 1290 rationem,
475 1230 562 1297 quae
580 1204 662 1273 huic
685 1201 850 1293 epistolae
869 1207 1014 1295 propria
1036 1207 1101 1290 sit,
1115 1207 1154 1275 ob

120 1325 381 1393 auctoritatem
407 1321 631 1396 cacuminum,¹
661 1320 905 1408 quamprimo
933 1319 974 1387 iu·
1003 1320 1156 1390 Alam*

122 1442 232 1508 drino
246 1437 400 1504 ecclesia
416 1450 518 1499 nocta
531 1433 595 1516 sit,
610 1449 646 1499 et
657 1434 701 1498 ob
715 1430 874 1502 tituluma
900 1463 918 1504 a
934 1431 1156 1522 Epistotaad

120 1540 441 1631 Alexandrinos?
475 1570 580 1638 quem
600 1547 641 1612 in
665 1547 839 1636 catalogo
860 1547 1034 1617 librorum
1055 1551 1099 1619 N.
1118 1550 1155 1617 'l'a

127 1669 371 1734 canonicorum
400 1688 422 1729 s
447 1660 640 1730 Muratorio
667 1657 762 1728 edito
795 1661 1011 1750 (fragmento
1039 1663 1077 1731 in
1098 1663 1157 1730 lint

124 1776 251 1845 saeculi
272 1775 416 1846 secundi
435 1779 477 1843 ab
503 1795 674 1865 anonymo
693 1774 846 1865 quodam
860 1793 997 1846 auctore
1014 1776 1158 1870 scripto)

122 1893 262 1960 haheat.
315 1890 567 1982 Argumentum
592 1891 756 1976 primum
791 1891 898 1976 magis
926 1890 972 1958 ad
996 1904 1157 1961 auctorest

124 2005 307 2101 epistolae,
330 2029 433 2097 quam
458 2000 502 2071 ad
523 2025 602 2085 eos,
624 2002 755 2092 quibus
771 2003 900 2094 scripta
920 2023 990 2085 est,
1009 2005 1157 2074 minen.
1196 1984 1199 2031 t

123 2125 325 2204 domasset,
340 2142 548 2210 quamquam
564 2116 757 2185 secundnm
773 2136 835 2200 ea,
852 2142 940 2208 quae
956 2144 1064 2213 supra
1076 2117 1158 2201 diri,
1197 2206 1199 2211 Ι

124 2239 236 2304 dictio
255 2249 392 2302 nostrae
414 2230 576 2325 epistolae
594 2253 640 2296 ne
660 2247 833 2300 auctorem
854 2231 1000 2321 quidem
1013 2234 1160 2305 Alema
1197 2298 1200 2309 Ι

123 2353 268 2421 drinum
297 2349 402 2416 fuisse
433 2344 557 2431 arguit·
602 2345 808 2413 Secundum
838 2365 1077 2435 argumentum
1104 2350 1162 2419 tot
1196 2348 1200 2381 ¹

124 2482 260 2543 tantum
276 2463 421 2558 prohat,
440 2473 676 2544 argumentum
689 2460 852 2548 epistolae
871 2480 907 2531 et
923 2465 1162 2534 utcundiro·
1195 2402 1200 2553 l

125 2584 256 2649 tionem
264 2573 510 2646 Alexandrinis
527 2571 746 2656 doctoribus,
760 2575 1082 2666 quippeliterarm
1094 2579 1165 2648 ela*

123 2694 320 2785 gantiorum
342 2687 628 2763 studiosioribus,
653 2687 839 2778 placuisse,
861 2707 896 2758 et
912 2690 1019 2760 Paulo
1035 2693 1166 2783 diguam

126 2808 307 2900 epistolam
320 2803 361 2872 iia
372 2803 476 2872 ruem
493 2816 566 2868 esso
580 2848 591 2885 ,
605 2801 656 2869 vel
676 2804 841 2889 originem
849 2805 1165 2898 Paulinamepltto·

125 2924 181 2995 lae
206 2920 277 2988 ulle
303 2919 419 3009 aliqua
444 2918 578 2983 ratione
596 2917 638 2982 iis
663 2919 864 2986 innotuisse.
914 2923 1086 2992 Tertium
1105 2948 1167 2992 or·

126 3049 341 3129 gementum
369 3056 407 3099 re
429 3054 569 3122 prorsus
593 3031 726 3096 incerta
756 3033 891 3100 nititur.
934 3037 1027 3103 Nam
1051 3036 1092 3105 h
1116 3038 1171 3106 illo

130 3156 324 3239 lragmento
346 3170 417 3215 nou
446 3147 583 3235 disertis
605 3145 720 3212 verbis
740 3145 882 3240 epistola
903 3166 1022 3216 nostra
1046 3146 1172 3220 dieitur

129 3265 303 3356 Epistola
321 3263 373 3330 cd
384 3261 665 3329 Alexandrinos.
687 3260 757 3328 Sed
776 3265 1044 3332 commemoratis
1062 3265 1174 3335 trades

130 3384 199 3448 cim
215 3375 368 3468 epistolis
386 3368 536 3443 Paulinis
562 3372 836 3460 iuotoyo'oulsote,
861 3399 979 3444 sermo.
996 3390 1049 3448 cst
1074 3380 1174 3449 etiem

131 3496 174 3564 de
192 3493 327 3560 duabus
347 3494 489 3581 spuriis,
511 3512 635 3577 nempe
654 3489 696 3556 de
724 3487 865 3585 epistola
885 3488 928 3555 ad
951 3491 1176 3571 Laodicensct

131 3631 166 3679 et
203 3607 348 3700 epistola
380 3603 424 3669 ad
459 3602 725 3673 Alexandrinos.
778 3604 876 3671 Hanc
915 3605 1098 3692 epistolem
1133 3607 1176 3674 ad

131 3712 384 3793 Alexandrinos
413 3735 449 3784 et
469 3734 620 3784 nostram
639 3715 816 3804 epistolam
843 3715 988 3786 eandem
1009 3743 1082 3789 esse
1101 3745 1175 3812 po·

131 3854 262 3909 tarent.
305 3830 376 3903 Sed
402 3852 596 3923 perperam.
638 3831 760 3921 Neque
782 3831 873 3896 enim
897 3833 934 3897 in
957 3832 1029 3902 ullo
1051 3835 1175 3903 codice

131 3955 185 4020 vel
211 3952 378 4044 scriptore
395 3944 621 4012 ecclesiastico
644 3962 759 4012 nostra
784 3942 924 4037 epistola
944 3945 991 4012 ita
1014 3951 1177 4017 nomina..

131 4085 209 4154 tur,
239 4066 300 4136 sed
323 4085 458 4154 semper
484 4059 584 4129 titulo
618 4060 709 4132 aad
731 4059 953 4129 Hebraeoe''
980 4063 1178 4153 nsignite.
