2604 4740
485 107 668 208 (¹35)

43 291 131 407 piem
152 290 302 388 eliquans
320 290 452 368 Stoicos
464 299 704 391 philosophiae
723 299 760 369 iu
777 296 865 372 urbe
883 309 994 397 petris
1013 295 1087 382 tls&

46 415 156 483 tentis
178 415 246 481 sibi
267 415 489 504 comparavit.

91 516 263 596 Differuut
282 527 530 615 chronologiae
548 528 710 597 Paulinae
733 531 917 620 scriptores
938 536 975 600 in
998 552 1088 602 con-2

49 640 224 709 stituendo
244 664 358 725 anno,
381 667 451 733 quo
463 643 585 708 Paulus
606 643 753 730 patriam
765 645 886 715 urbem
908 648 1091 740 reliquerit

52 773 86 826 et
105 754 373 844 Hierosolymam
395 756 440 822 ed
462 755 685 824 Gamalielem
704 780 739 822 se
761 753 957 829 contulerit·

94 868 325 941 Schrader
346 871 383 935 in
402 868 519 939 libros
543 871 609 936 der
629 871 790 959 Apostel
806 876 968 955 Paulus,
992 897 1028 965 p.
1048 877 1094 945 45

56 984 258 1068 contendit,
278 984 546 1050 Paulum.anuos
571 983 753 1052 duodecim
773 1004 892 1051 nutum
910 1010 945 1051 se
964 1005 1092 1054 contu-v

54 1100 130 1178 lisse
145 1097 434 1188 Hierosolymam,
458 1120 539 1183 ergo
557 1121 596 1166 ea
618 1117 747 1176 aetate,
771 1119 840 1187 qua
857 1100 911 1166 vix
935 1103 1094 1169 notitiam

55 1219 204 1304 aliquam
224 1214 355 1282 Stoicae
370 1207 607 1300 philosophiae
626 1213 690 1277 sibi
710 1237 907 1304 comparare
922 1232 1096 1307 potuerats

56 1330 126 1413 Sed
142 1345 341 1416 argumenta
351 1328 380 1412 ej
388 1351 423 1392 us
436 1350 478 1391 ex
488 1327 571 1392 locis
587 1326 707 1394 Actor.
720 1316 840 1411 XXII,
857 1330 898 1413 53'
920 1328 1097 1408 xxm

54 1446 185 1542 petita,
207 1442 270 1508 ubi
285 1440 410 1536 l’aulus
431 1454 571 1518 narrat,
592 1462 627 1505 se
647 1438 886 1530 Hierosolymis
914 1441 1097 1513 educatum

57 1585 128 1630 esse
149 1564 185 1630 ἐκ
206 1559 344 1636 νεότητος
367 1553 461 1641 (5),
495 1575 566 1618 nou
591 1551 677 1619 adeo
701 1555 800 1621 firma
825 1572 931 1634 suut,
963 1573 1002 1623 ut
1031 1584 1099 1626 ne.

58 1671 206 1764 gaudum
226 1672 291 1752 sit,
314 1666 456 1734 Paulum
477 1668 595 1734 seriori
619 1681 727 1734 aetate
749 1671 895 1736 Tarsum
919 1673 1102 1762 reliquisse

61 1805 94 1857 et
118 1781 386 1873 Hierosolymam
410 1798 445 1849 et
473 1779 698 1849 Gamalislem
731 1779 866 1849 adiisse.
923 1785 1014 1852 Hinc
1045 1787 1103 1855 alii

62 1917 202 1994 putant,
226 1895 393 1964 adultiore
410 1910 516 1964 aetate
529 1894 691 1977 Paulum,
713 1887 817 1963 immo
835 1896 974 1984 triginta
992 1920 1101 1967 anuos

63 2036 197 2095 nutum,
221 2017 331 2080 Tarso
350 2009 471 2077 relicta
493 2008 623 2075 scholas
644 2008 965 2098 Hierosolymitanas
987 2013 1100 2078 adiis-

13 2164 16 2171 ·
64 2155 116 2214 se,
150 2156 181 2199 c.
200 2154 232 2216 g.
255 2127 447 2194 Hemsen
469 2123 535 2190 der
553 2123 713 2212 Apostel
731 2126 873 2192 Paulus
894 2141 988 2206 etc.,-
1011 2127 1101 2192 der·-

65 2245 286 2337 ausgegeben
305 2265 375 2309 von
398 2236 567 2320 Luchs,
590 2263 625 2330 p.
645 2241 685 2319 6,
703 2252 738 2304 et
756 2237 824 2305 alii.
853 2240 943 2306 Mihi
964 2240 1106 2331 quidem

10 2362 15 2387 ¹
64 2361 144 2430 haec
160 2359 331 2452 posterior
347 2354 515 2422 sententia
536 2352 579 2419 de
598 2368 729 2431 aetate,
753 2377 821 2442 qua
841 2353 964 2419 Paulus
980 2352 1104 2420 relicta

66 2473 172 2545 Tarso
184 2471 448 2562 Hierosolymam
461 2465 584 2535 adierit
591 2506 603 2550 ,·
626 2463 734 2532 multo
743 2467 977 2544 verisimilior,
1002 2493 1105 2558 quum

67 2586 317 2660 Sub-ruderi
340 2608 410 2652 esse
433 2580 582 2649 videtur.
626 2579 713 2646 Num
726 2579 754 2644 si
775 2579 898 2646 Paulus
921 2579 1105 2652 duodecim

69 2728 172 2773 annos
195 2719 294 2769 natus
315 2694 584 2785 Hierosolymam
602 2709 637 2757 se
656 2674 874 2772 contulisset,
895 2692 1015 2782 ibique
1034 2719 1105 2760 uno

68 2837 185 2890 tenore
205 2837 313 2904 usquc
336 2812 381 2881 ad
402 2832 496 2875 suam
524 2805 799 2886 couversionem,
824 2805 918 2896 quod
942 2808 1114 2878 Schra·

69 2933 201 3001 derus
217 2922 288 2997 vult
301 2953 336 3017 p.
349 2929 406 2997 45,
424 2937 648 2988 commoratus
660 2936 762 3001 esset,
775 2920 848 2988 s'iue
859 2918 967 2987 dubio
982 2924 1104 3003 etism,

72 3047 202 3137 quippe
214 3041 317 3109 homo
330 3060 446 3104 rerum
466 3049 639 3099 sacrarum
659 3033 903 3101 curiosissimus
923 3055 957 3103 et
977 3040 1108 3126 patriae

70 3151 242 3246 religionis
268 3151 530 3228 amantissimus,
560 3146 838 3234 opportunitate,
868 3146 983 3216 Jcsum
999 3151 1108 3217 dictis

73 3288 103 3338 et
119 3270 217 3338 factis
231 3263 488 3332 celeberrimum
501 3259 679 3325 doctorem
691 3258 856 3340 videndi,
881 3265 1110 3346 cognoscendi

76 3401 107 3449 et
131 3405 210 3450 cum
231 3401 271 3445 eo
292 3372 512 3464 colloquendi
537 3395 615 3438 usus
642 3385 740 3438 esset.
784 3372 855 3440 Sed
876 3375 976 3462 hujus
999 3364 1050 3442 rei
1066 3402 1111 3444 ne

111 3667 166 3739 (5)
190 3665 245 3719 Vox
263 3663 360 3729 sslryc
375 3649 445 3712 euim
468 3666 579 3713 estatem
602 3648 758 3728 iuvenilem,
782 3651 980 3714 adolescentiam
1007 3661 1114 3732 signifi.

71 3767 134 3823 stt,
158 3772 222 3824 quae
242 3770 334 3804 anuum
354 3749 420 3799 tilae
442 3748 619 3800 duodecimum
637 3747 710 3811 longe
736 3745 844 3799 excedit·
885 3747 960 3801 lesus
978 3750 1115 3808 duodecim

83 3857 156 3898 euros
174 3855 265 3910 natus,
283 3854 333 3893 nou
350 3840 425 3903 νέος,
443 3839 573 3903 νεανίας,
587 3833 631 3888 sed
650 3842 715 3891 παῖς
732 3831 827 3885 dicitur
844 3851 859 3886 a
876 3835 945 3890 Luca
963 3838 1004 3904 11,
1024 3843 1067 3900 43,
