<?xml version="1.0" encoding="UTF-8"?>
<!DOCTYPE html PUBLIC "-//W3C//DTD XHTML 1.0 Transitional//EN"
    "http://www.w3.org/TR/xhtml1/DTD/xhtml1-transitional.dtd">
<html xmlns="http://www.w3.org/1999/xhtml" xml:lang="en" lang="en">
 <head>
  <title>
</title>
<meta http-equiv="Content-Type" content="text/html;charset=utf-8" />
  <meta name='ocr-system' content='tesseract 3.04.00' />
  <meta name='ocr-capabilities' content='ocr_page ocr_carea ocr_par ocr_line ocrx_word'/>
</head>
<body>
  <div class='ocr_page' id='page_1' title='image "./vindiciaeorigin00gelpgoog_0083.png"; bbox 0 0 2604 4740; ppageno 0'>
   <div class='ocr_carea' id='block_1_1' title="bbox 517 341 719 471">
    <p class='ocr_par' dir='ltr' id='par_1_1' title="bbox 517 341 719 471">
     <span class='ocr_line' id='line_1_1' title="bbox 517 341 719 471; baseline 0.005 -2"><span class='ocrx_word' id='word_1_1' title='bbox 517 341 719 471; x_wconf 33' lang='grc'>’(76)</span> 
     </span>
    </p>
   </div>
   <div class='ocr_carea' id='block_1_2' title="bbox 43 566 1210 3594">
    <p class='ocr_par' dir='ltr' id='par_1_2' title="bbox 43 566 1210 1679">
     <span class='ocr_line' id='line_1_2' title="bbox 116 566 1165 657; baseline 0.002 -25"><span class='ocrx_word' id='word_1_2' title='bbox 116 567 292 657; x_wconf 16' lang='lat' dir='ltr'><strong>‘quosdam</strong></span> <span class='ocrx_word' id='word_1_3' title='bbox 320 580 476 656; x_wconf 85' lang='lat' dir='ltr'><strong>optantes</strong></span> <span class='ocrx_word' id='word_1_4' title='bbox 501 580 666 648; x_wconf 86' lang='lat' dir='ltr'><strong>mortam,</strong></span> <span class='ocrx_word' id='word_1_5' title='bbox 690 583 723 634; x_wconf 84' lang='lat' dir='ltr'><strong>at</strong></span> <span class='ocrx_word' id='word_1_6' title='bbox 749 566 888 655; x_wconf 87' lang='lat' dir='ltr'><strong>quidem</strong></span> <span class='ocrx_word' id='word_1_7' title='bbox 913 568 1037 654; x_wconf 80' lang='lat' dir='ltr'><strong>magis,</strong></span> <span class='ocrx_word' id='word_1_8' title='bbox 1063 591 1165 656; x_wconf 75' lang='lat' dir='ltr'><strong>quani</strong></span> 
     </span>
     <span class='ocr_line' id='line_1_3' title="bbox 123 679 1168 768; baseline 0.002 -21"><span class='ocrx_word' id='word_1_9' title='bbox 123 683 236 768; x_wconf 80' lang='lat' dir='ltr'><strong>rogari</strong></span> <span class='ocrx_word' id='word_1_10' title='bbox 262 682 349 751; x_wconf 84' lang='lat' dir='ltr'><strong>solet</strong></span> <span class='ocrx_word' id='word_1_11' title='bbox 378 679 457 747; x_wconf 83' lang='lat' dir='ltr'><strong>vita.</strong></span> <span class='ocrx_word' id='word_1_12' title='bbox 502 679 646 762; x_wconf 86' lang='lat' dir='ltr'><strong>Nescio,</strong></span> <span class='ocrx_word' id='word_1_13' title='bbox 669 698 763 747; x_wconf 89' lang='lat' dir='ltr'><strong>utros</strong></span> <span class='ocrx_word' id='word_1_14' title='bbox 786 681 974 748; x_wconf 76' lang='lat' dir='ltr'><strong>existimem</strong></span> <span class='ocrx_word' id='word_1_15' title='bbox 1002 684 1168 768; x_wconf 81' lang='lat' dir='ltr'><strong>majoram</strong></span> 
     </span>
     <span class='ocr_line' id='line_1_4' title="bbox 122 789 1168 884; baseline -0.003 -21"><span class='ocrx_word' id='word_1_16' title='bbox 122 796 223 863; x_wconf 90' lang='lat' dir='ltr'><strong>uobis</strong></span> <span class='ocrx_word' id='word_1_17' title='bbox 248 796 397 862; x_wconf 89' lang='lat' dir='ltr'><strong>animum</strong></span> <span class='ocrx_word' id='word_1_18' title='bbox 421 789 524 876; x_wconf 76' lang='lat' dir='ltr'><strong>dare,</strong></span> <span class='ocrx_word' id='word_1_19' title='bbox 549 791 611 880; x_wconf 83' lang='lat' dir='ltr'><strong>qui</strong></span> <span class='ocrx_word' id='word_1_20' title='bbox 633 791 827 884; x_wconf 86' lang='lat' dir='ltr'><strong>deposcunt</strong></span> <span class='ocrx_word' id='word_1_21' title='bbox 847 811 1014 876; x_wconf 83' lang='lat' dir='ltr'><strong>mortem,</strong></span> <span class='ocrx_word' id='word_1_22' title='bbox 1042 817 1088 859; x_wconf 84' lang='lat' dir='ltr'><strong>an</strong></span> <span class='ocrx_word' id='word_1_23' title='bbox 1108 796 1168 884; x_wconf 87' lang='lat' dir='ltr'><strong>qui</strong></span> 
     </span>
     <span class='ocr_line' id='line_1_5' title="bbox 122 902 1167 998; baseline -0.001 -24"><span class='ocrx_word' id='word_1_24' title='bbox 122 907 248 975; x_wconf 76' lang='lat' dir='ltr'>hilares</span> <span class='ocrx_word' id='word_1_25' title='bbox 272 932 347 975; x_wconf 81' lang='lat' dir='ltr'><strong>eam</strong></span> <span class='ocrx_word' id='word_1_26' title='bbox 366 906 543 995; x_wconf 81' lang='lat' dir='ltr'><strong>quietique</strong></span> <span class='ocrx_word' id='word_1_27' title='bbox 565 902 817 998; x_wconf 82' lang='lat' dir='ltr'><strong>opperiuntur,</strong></span> <span class='ocrx_word' id='word_1_28' title='bbox 840 906 1001 996; x_wconf 90' lang='lat' dir='ltr'><strong>quoniam</strong></span> <span class='ocrx_word' id='word_1_29' title='bbox 1017 904 1110 972; x_wconf 84' lang='lat' dir='ltr'><strong>iilud</strong></span> <span class='ocrx_word' id='word_1_30' title='bbox 1127 930 1167 973; x_wconf 81' lang='lat' dir='ltr'><strong>ex</strong></span> 
     </span>
     <span class='ocr_line' id='line_1_6' title="bbox 123 1018 1167 1108; baseline -0.001 -21"><span class='ocrx_word' id='word_1_31' title='bbox 123 1021 219 1087; x_wconf 83' lang='lat' dir='ltr'>rabie</span> <span class='ocrx_word' id='word_1_32' title='bbox 236 1028 248 1106; x_wconf 92' lang='lat'>(</span> <span class='ocrx_word' id='word_1_33' title='bbox 259 1024 324 1108; x_wconf 78' lang='lat' dir='ltr'><strong>no)</strong></span> <span class='ocrx_word' id='word_1_34' title='bbox 343 1018 519 1087; x_wconf 85' lang='lat' dir='ltr'><strong>interdum</strong></span> <span class='ocrx_word' id='word_1_35' title='bbox 544 1043 583 1086; x_wconf 83' lang='lat' dir='ltr'><strong>ao</strong></span> <span class='ocrx_word' id='word_1_36' title='bbox 602 1023 788 1106; x_wconf 86' lang='lat' dir='ltr'><strong>repentina</strong></span> <span class='ocrx_word' id='word_1_37' title='bbox 809 1020 1069 1108; x_wconf 81' lang='lat' dir='ltr'><strong>indignatione,</strong></span> <span class='ocrx_word' id='word_1_38' title='bbox 1085 1021 1167 1089; x_wconf 81' lang='lat' dir='ltr'><strong>haec</strong></span> 
     </span>
     <span class='ocr_line' id='line_1_7' title="bbox 123 1129 1165 1240; baseline 0.001 -41"><span class='ocrx_word' id='word_1_39' title='bbox 123 1158 164 1202; x_wconf 81' lang='lat' dir='ltr'><strong>ex</strong></span> <span class='ocrx_word' id='word_1_40' title='bbox 189 1131 323 1240; x_wconf 74' lang='lat' dir='ltr'><strong>judicio</strong></span> <span class='ocrx_word' id='word_1_41' title='bbox 350 1129 582 1220; x_wconf 87' lang='lat' dir='ltr'><strong>tranquillitas</strong></span> <span class='ocrx_word' id='word_1_42' title='bbox 608 1133 698 1198; x_wconf 85' lang='lat' dir='ltr'><strong>est.’&#39;</strong></span> <span class='ocrx_word' id='word_1_43' title='bbox 744 1133 890 1223; x_wconf 86' lang='lat' dir='ltr'><strong>Epistol.</strong></span> <span class='ocrx_word' id='word_1_44' title='bbox 919 1158 972 1222; x_wconf 80' lang='lat'><strong>77.</strong></span> <span class='ocrx_word' id='word_1_45' title='bbox 996 1131 1083 1201; x_wconf 85' lang='lat' dir='ltr'><strong>haec</strong></span> <span class='ocrx_word' id='word_1_46' title='bbox 1113 1134 1165 1201; x_wconf 80' lang='lat' dir='ltr'><strong>ie·</strong></span> 
     </span>
     <span class='ocr_line' id='line_1_8' title="bbox 122 1226 1169 1346; baseline 0.002 -36"><span class='ocrx_word' id='word_1_47' title='bbox 122 1230 272 1333; x_wconf 48' lang='lat' dir='ltr'><strong>‘gunturr</strong></span> <span class='ocrx_word' id='word_1_48' title='bbox 318 1274 338 1315; x_wconf 79' lang='lat' dir='ltr'><strong>u</strong></span> <span class='ocrx_word' id='word_1_49' title='bbox 353 1245 463 1311; x_wconf 88' lang='lat' dir='ltr'><strong>Nemo</strong></span> <span class='ocrx_word' id='word_1_50' title='bbox 486 1261 554 1311; x_wconf 83' lang='lat' dir='ltr'><strong>tam</strong></span> <span class='ocrx_word' id='word_1_51' title='bbox 573 1226 753 1346; x_wconf 54' lang='lat' dir='ltr'><strong>imppritus</strong></span> <span class='ocrx_word' id='word_1_52' title='bbox 776 1262 851 1330; x_wconf 79' lang='lat' dir='ltr'><strong>est,</strong></span> <span class='ocrx_word' id='word_1_53' title='bbox 873 1263 913 1312; x_wconf 85' lang='lat' dir='ltr'><strong>ut</strong></span> <span class='ocrx_word' id='word_1_54' title='bbox 935 1246 1087 1324; x_wconf 82' lang='lat' dir='ltr'><strong>nesciat,</strong></span> <span class='ocrx_word' id='word_1_55' title='bbox 1105 1248 1169 1314; x_wconf 84' lang='lat' dir='ltr'><strong>sibi</strong></span> 
     </span>
     <span class='ocr_line' id='line_1_9' title="bbox 124 1357 1167 1451; baseline 0.006 -29"><span class='ocrx_word' id='word_1_56' title='bbox 124 1358 336 1450; x_wconf 80' lang='lat' dir='ltr'><strong>quandoque</strong></span> <span class='ocrx_word' id='word_1_57' title='bbox 355 1357 571 1422; x_wconf 86' lang='lat' dir='ltr'><strong>moriendum</strong></span> <span class='ocrx_word' id='word_1_58' title='bbox 599 1381 692 1426; x_wconf 77' lang='lat' dir='ltr'><strong>essu:</strong></span> <span class='ocrx_word' id='word_1_59' title='bbox 719 1375 833 1425; x_wconf 83' lang='lat' dir='ltr'><strong>tamen</strong></span> <span class='ocrx_word' id='word_1_60' title='bbox 861 1379 939 1449; x_wconf 76' lang='lat' dir='ltr'><strong>pum</strong></span> <span class='ocrx_word' id='word_1_61' title='bbox 966 1381 1079 1451; x_wconf 81' lang='lat' dir='ltr'><strong>prope</strong></span> <span class='ocrx_word' id='word_1_62' title='bbox 1110 1382 1167 1428; x_wconf 87' lang='lat' dir='ltr'><strong>ao·</strong></span> 
     </span>
     <span class='ocr_line' id='line_1_10' title="bbox 48 1465 1210 1569; baseline 0 -30"><span class='ocrx_word' id='word_1_63' title='bbox 48 1494 51 1499; x_wconf 84' lang='lat'>·</span> <span class='ocrx_word' id='word_1_64' title='bbox 126 1474 284 1549; x_wconf 84' lang='lat' dir='ltr'><strong>cesserit,</strong></span> <span class='ocrx_word' id='word_1_65' title='bbox 318 1470 580 1558; x_wconf 74' lang='lat' dir='ltr'><strong>tergiversatur,</strong></span> <span class='ocrx_word' id='word_1_66' title='bbox 605 1470 742 1553; x_wconf 85' lang='lat' dir='ltr'><strong>tremit,</strong></span> <span class='ocrx_word' id='word_1_67' title='bbox 778 1472 908 1558; x_wconf 85' lang='lat' dir='ltr'><strong>plorat.</strong></span> <span class='ocrx_word' id='word_1_68' title='bbox 954 1465 1170 1569; x_wconf 61' lang='lat' dir='ltr'><strong>Nonnotibi</strong></span> <span class='ocrx_word' id='word_1_69' title='bbox 1207 1522 1210 1529; x_wconf 82' lang='lat'>-</span> 
     </span>
     <span class='ocr_line' id='line_1_11' title="bbox 43 1572 1171 1679; baseline 0.015 -39"><span class='ocrx_word' id='word_1_70' title='bbox 43 1636 45 1640; x_wconf 85' lang='lat'><strong>.</strong></span> <span class='ocrx_word' id='word_1_71' title='bbox 121 1582 298 1675; x_wconf 61' lang='lat' dir='ltr'><strong>ridebitur</strong></span> <span class='ocrx_word' id='word_1_72' title='bbox 327 1572 541 1646; x_wconf 80' lang='lat' dir='ltr'><strong>stultissimus</strong></span> <span class='ocrx_word' id='word_1_73' title='bbox 587 1585 759 1668; x_wconf 84' lang='lat' dir='ltr'><strong>omnium,</strong></span> <span class='ocrx_word' id='word_1_74' title='bbox 790 1584 851 1675; x_wconf 90' lang='lat' dir='ltr'><strong>qui</strong></span> <span class='ocrx_word' id='word_1_75' title='bbox 880 1583 1046 1670; x_wconf 83' lang='lat' dir='ltr'><strong>fleverit,</strong></span> <span class='ocrx_word' id='word_1_76' title='bbox 1079 1587 1171 1679; x_wconf 81' lang='lat' dir='ltr'><strong>qnod</strong></span> 
     </span>
    </p>

    <p class='ocr_par' dir='ltr' id='par_1_3' title="bbox 57 1690 1177 3594">
     <span class='ocr_line' id='line_1_12' title="bbox 126 1690 1171 1786; baseline 0.004 -20"><span class='ocrx_word' id='word_1_77' title='bbox 126 1715 206 1766; x_wconf 83' lang='lat' dir='ltr'><strong>ante</strong></span> <span class='ocrx_word' id='word_1_78' title='bbox 234 1693 326 1761; x_wconf 83' lang='lat' dir='ltr'><strong>mille</strong></span> <span class='ocrx_word' id='word_1_79' title='bbox 351 1716 457 1759; x_wconf 88' lang='lat' dir='ltr'><strong>annos</strong></span> <span class='ocrx_word' id='word_1_80' title='bbox 491 1717 562 1759; x_wconf 91' lang='lat' dir='ltr'><strong>non</strong></span> <span class='ocrx_word' id='word_1_81' title='bbox 596 1695 754 1764; x_wconf 79' lang='lat' dir='ltr'><strong>vixerat?</strong></span> <span class='ocrx_word' id='word_1_82' title='bbox 778 1690 923 1785; x_wconf 80' lang='lat' dir='ltr'><strong>¹Aequo</strong></span> <span class='ocrx_word' id='word_1_83' title='bbox 954 1697 1078 1766; x_wconf 85' lang='lat' dir='ltr'><strong>stultus</strong></span> <span class='ocrx_word' id='word_1_84' title='bbox 1100 1719 1171 1786; x_wconf 79' lang='lat' dir='ltr'><strong>eat,</strong></span> 
     </span>
     <span class='ocr_line' id='line_1_13' title="bbox 79 1784 1171 1903; baseline 0.007 -31"><span class='ocrx_word' id='word_1_85' title='bbox 79 1794 83 1799; x_wconf 49' lang='lat'><em>‘</em></span> <span class='ocrx_word' id='word_1_86' title='bbox 127 1808 188 1899; x_wconf 84' lang='lat' dir='ltr'><strong>qui</strong></span> <span class='ocrx_word' id='word_1_87' title='bbox 217 1808 298 1893; x_wconf 84' lang='lat' dir='ltr'><strong>flet,</strong></span> <span class='ocrx_word' id='word_1_88' title='bbox 331 1804 425 1897; x_wconf 85' lang='lat' dir='ltr'><strong>quod</strong></span> <span class='ocrx_word' id='word_1_89' title='bbox 464 1824 542 1894; x_wconf 84' lang='lat' dir='ltr'><strong>post</strong></span> <span class='ocrx_word' id='word_1_90' title='bbox 573 1831 679 1875; x_wconf 87' lang='lat' dir='ltr'><strong>annos</strong></span> <span class='ocrx_word' id='word_1_91' title='bbox 709 1806 804 1872; x_wconf 86' lang='lat' dir='ltr'><strong>mille</strong></span> <span class='ocrx_word' id='word_1_92' title='bbox 833 1832 904 1874; x_wconf 89' lang='lat' dir='ltr'><strong>non</strong></span> <span class='ocrx_word' id='word_1_93' title='bbox 931 1784 1034 1889; x_wconf 65' lang='lat' dir='ltr'><strong>viiet.</strong></span> <span class='ocrx_word' id='word_1_94' title='bbox 1080 1813 1171 1903; x_wconf 76' lang='lat' dir='ltr'><strong>Haoo</strong></span> 
     </span>
     <span class='ocr_line' id='line_1_14' title="bbox 123 1900 1172 2019; baseline 0.007 -31"><span class='ocrx_word' id='word_1_95' title='bbox 123 1923 223 2013; x_wconf 86' lang='lat' dir='ltr'><strong>paria</strong></span> <span class='ocrx_word' id='word_1_96' title='bbox 246 1942 347 1990; x_wconf 87' lang='lat' dir='ltr'><strong>sunt:</strong></span> <span class='ocrx_word' id='word_1_97' title='bbox 380 1948 451 1990; x_wconf 90' lang='lat' dir='ltr'><strong>non</strong></span> <span class='ocrx_word' id='word_1_98' title='bbox 470 1908 557 2000; x_wconf 74' lang='lat' dir='ltr'><strong>aris,</strong></span> <span class='ocrx_word' id='word_1_99' title='bbox 581 1946 653 1988; x_wconf 93' lang='lat' dir='ltr'><strong>non</strong></span> <span class='ocrx_word' id='word_1_100' title='bbox 680 1920 800 2008; x_wconf 82' lang='lat' dir='ltr'><strong>fuisti3</strong></span> <span class='ocrx_word' id='word_1_101' title='bbox 826 1900 1011 2019; x_wconf 53' lang='lat' dir='ltr'><strong>utrunque</strong></span> <span class='ocrx_word' id='word_1_102' title='bbox 1038 1943 1172 2018; x_wconf 80' lang='lat' dir='ltr'><strong>tempus</strong></span> 
     </span>
     <span class='ocr_line' id='line_1_15' title="bbox 125 2032 1172 2128; baseline 0.002 -26"><span class='ocrx_word' id='word_1_103' title='bbox 125 2033 273 2104; x_wconf 86' lang='lat' dir='ltr'><strong>alienum</strong></span> <span class='ocrx_word' id='word_1_104' title='bbox 305 2058 366 2103; x_wconf 86' lang='lat' dir='ltr'><strong>ast.</strong></span> <span class='ocrx_word' id='word_1_105' title='bbox 388 2072 433 2088; x_wconf 92' lang='lat'>-</span> <span class='ocrx_word' id='word_1_106' title='bbox 455 2039 541 2104; x_wconf 84' lang='lat' dir='ltr'><strong>Rata</strong></span> <span class='ocrx_word' id='word_1_107' title='bbox 561 2052 596 2100; x_wconf 82' lang='lat' dir='ltr'><strong>et</strong></span> <span class='ocrx_word' id='word_1_108' title='bbox 626 2032 696 2098; x_wconf 85' lang='lat' dir='ltr'><strong>fixa</strong></span> <span class='ocrx_word' id='word_1_109' title='bbox 723 2053 804 2100; x_wconf 87' lang='lat' dir='ltr'><strong>sunt</strong></span> <span class='ocrx_word' id='word_1_110' title='bbox 825 2034 892 2101; x_wconf 83' lang='lat' dir='ltr'><strong>satu</strong></span> <span class='ocrx_word' id='word_1_111' title='bbox 916 2053 1020 2128; x_wconf 84' lang='lat' dir='ltr'><strong>atque</strong></span> <span class='ocrx_word' id='word_1_112' title='bbox 1051 2062 1172 2126; x_wconf 79' lang='lat' dir='ltr'><strong>magna</strong></span> 
     </span>
     <span class='ocr_line' id='line_1_16' title="bbox 128 2128 1172 2241; baseline 0.005 -27"><span class='ocrx_word' id='word_1_113' title='bbox 128 2128 316 2241; x_wconf 78' lang='lat' dir='ltr'><strong>etaetarna</strong></span> <span class='ocrx_word' id='word_1_114' title='bbox 338 2152 536 2235; x_wconf 20' lang='lat' dir='ltr'><strong>neucessitate</strong></span> <span class='ocrx_word' id='word_1_115' title='bbox 559 2147 746 2213; x_wconf 85' lang='lat' dir='ltr'><strong>ducuntur.</strong></span> <span class='ocrx_word' id='word_1_116' title='bbox 782 2149 833 2215; x_wconf 87' lang='lat' dir='ltr'><strong>Eo</strong></span> <span class='ocrx_word' id='word_1_117' title='bbox 857 2150 946 2234; x_wconf 87' lang='lat' dir='ltr'><strong>ibis,</strong></span> <span class='ocrx_word' id='word_1_118' title='bbox 969 2175 1038 2241; x_wconf 92' lang='lat' dir='ltr'><strong>quo</strong></span> <span class='ocrx_word' id='word_1_119' title='bbox 1060 2153 1172 2219; x_wconf 82' lang='lat' dir='ltr'><strong>omnia</strong></span> 
     </span>
     <span class='ocr_line' id='line_1_17' title="bbox 115 2249 1172 2357; baseline 0.005 -31"><span class='ocrx_word' id='word_1_120' title='bbox 115 2249 223 2328; x_wconf 61' lang='lat' dir='ltr'><strong>”eunt</strong></span> <span class='ocrx_word' id='word_1_121' title='bbox 245 2262 383 2357; x_wconf 81' lang='lat' dir='ltr'><strong>-Hoc</strong></span> <span class='ocrx_word' id='word_1_122' title='bbox 410 2262 500 2349; x_wconf 89' lang='lat' dir='ltr'><strong>patri</strong></span> <span class='ocrx_word' id='word_1_123' title='bbox 519 2279 577 2328; x_wconf 93' lang='lat' dir='ltr'><strong>tuo</strong></span> <span class='ocrx_word' id='word_1_124' title='bbox 600 2257 749 2340; x_wconf 80' lang='lat' dir='ltr'><strong>accidit,</strong></span> <span class='ocrx_word' id='word_1_125' title='bbox 773 2259 839 2329; x_wconf 88' lang='lat' dir='ltr'><strong>hoo</strong></span> <span class='ocrx_word' id='word_1_126' title='bbox 860 2268 982 2343; x_wconf 85' lang='lat' dir='ltr'><strong>matri,</strong></span> <span class='ocrx_word' id='word_1_127' title='bbox 1006 2263 1073 2331; x_wconf 89' lang='lat' dir='ltr'><strong>hoo</strong></span> <span class='ocrx_word' id='word_1_128' title='bbox 1095 2288 1172 2331; x_wconf 86' lang='lat' dir='ltr'><strong>ma·</strong></span> 
     </span>
     <span class='ocr_line' id='line_1_18' title="bbox 124 2366 1174 2467; baseline 0.007 -28"><span class='ocrx_word' id='word_1_129' title='bbox 124 2366 279 2460; x_wconf 74' lang='lat' dir='ltr'><strong>juribus,</strong></span> <span class='ocrx_word' id='word_1_130' title='bbox 303 2375 368 2438; x_wconf 87' lang='lat' dir='ltr'><strong>hoo</strong></span> <span class='ocrx_word' id='word_1_131' title='bbox 391 2372 549 2439; x_wconf 87' lang='lat' dir='ltr'><strong>omnihus</strong></span> <span class='ocrx_word' id='word_1_132' title='bbox 575 2389 655 2438; x_wconf 83' lang='lat' dir='ltr'><strong>anta</strong></span> <span class='ocrx_word' id='word_1_133' title='bbox 682 2390 737 2456; x_wconf 82' lang='lat' dir='ltr'><strong>te,</strong></span> <span class='ocrx_word' id='word_1_134' title='bbox 760 2375 826 2442; x_wconf 90' lang='lat' dir='ltr'><strong>hoo</strong></span> <span class='ocrx_word' id='word_1_135' title='bbox 848 2378 1005 2443; x_wconf 87' lang='lat' dir='ltr'><strong>omnibus</strong></span> <span class='ocrx_word' id='word_1_136' title='bbox 1033 2395 1114 2467; x_wconf 86' lang='lat' dir='ltr'><strong>post</strong></span> <span class='ocrx_word' id='word_1_137' title='bbox 1142 2395 1174 2446; x_wconf 73' lang='lat' dir='ltr'><strong>to</strong></span> 
     </span>
     <span class='ocr_line' id='line_1_19' title="bbox 130 2482 1175 2578; baseline 0.007 -26"><span class='ocrx_word' id='word_1_138' title='bbox 130 2485 224 2558; x_wconf 88' lang='lat' dir='ltr'><strong>oet.&#39;&#39;</strong></span> <span class='ocrx_word' id='word_1_139' title='bbox 276 2483 430 2552; x_wconf 80' lang='lat' dir='ltr'><strong>Natural.</strong></span> <span class='ocrx_word' id='word_1_140' title='bbox 462 2487 604 2577; x_wconf 89' lang='lat' dir='ltr'><strong>Quaest.</strong></span> <span class='ocrx_word' id='word_1_141' title='bbox 643 2482 721 2553; x_wconf 81' lang='lat' dir='ltr'><strong>Lib.</strong></span> <span class='ocrx_word' id='word_1_142' title='bbox 749 2485 803 2568; x_wconf 91' lang='grc' dir='ltr'><strong>ΙΙ,</strong></span> <span class='ocrx_word' id='word_1_143' title='bbox 837 2491 900 2578; x_wconf 83' lang='lat'><strong>59:</strong></span> <span class='ocrx_word' id='word_1_144' title='bbox 948 2490 1175 2575; x_wconf 79' lang='lat' dir='ltr'><strong>«Contemns</strong></span> 
     </span>
     <span class='ocr_line' id='line_1_20' title="bbox 126 2593 1173 2692; baseline -0.008 -26"><span class='ocrx_word' id='word_1_145' title='bbox 126 2615 274 2666; x_wconf 84' lang='lat' dir='ltr'><strong>mortem</strong></span> <span class='ocrx_word' id='word_1_146' title='bbox 308 2616 344 2665; x_wconf 82' lang='lat' dir='ltr'><strong>et</strong></span> <span class='ocrx_word' id='word_1_147' title='bbox 368 2599 503 2683; x_wconf 89' lang='lat' dir='ltr'><strong>omnia,</strong></span> <span class='ocrx_word' id='word_1_148' title='bbox 539 2622 626 2692; x_wconf 84' lang='lat' dir='ltr'><strong>quae</strong></span> <span class='ocrx_word' id='word_1_149' title='bbox 656 2593 699 2664; x_wconf 89' lang='lat' dir='ltr'><strong>ad</strong></span> <span class='ocrx_word' id='word_1_150' title='bbox 725 2613 870 2663; x_wconf 85' lang='lat' dir='ltr'><strong>mortem</strong></span> <span class='ocrx_word' id='word_1_151' title='bbox 895 2598 1052 2688; x_wconf 83' lang='lat' dir='ltr'><strong>ducunt,</strong></span> <span class='ocrx_word' id='word_1_152' title='bbox 1082 2627 1173 2673; x_wconf 71' lang='lat' dir='ltr'><strong>con.</strong></span> 
     </span>
     <span class='ocr_line' id='line_1_21' title="bbox 119 2694 1173 2804; baseline 0.009 -26"><span class='ocrx_word' id='word_1_153' title='bbox 119 2700 354 2780; x_wconf 77' lang='lat' dir='ltr'><strong>&#39;tamtasunta</strong></span> <span class='ocrx_word' id='word_1_154' title='bbox 378 2714 447 2780; x_wconf 84' lang='lat' dir='ltr'><strong>sivo</strong></span> <span class='ocrx_word' id='word_1_155' title='bbox 467 2708 527 2779; x_wconf 85' lang='lat' dir='ltr'><strong>illa</strong></span> <span class='ocrx_word' id='word_1_156' title='bbox 553 2709 642 2777; x_wconf 81' lang='lat' dir='ltr'><strong>halla</strong></span> <span class='ocrx_word' id='word_1_157' title='bbox 670 2694 759 2793; x_wconf 84' lang='lat' dir='ltr'><strong>sint,</strong></span> <span class='ocrx_word' id='word_1_158' title='bbox 783 2711 851 2780; x_wconf 87' lang='lat' dir='ltr'><strong>sive</strong></span> <span class='ocrx_word' id='word_1_159' title='bbox 884 2716 1080 2804; x_wconf 85' lang='lat' dir='ltr'><strong>naufragia,</strong></span> <span class='ocrx_word' id='word_1_160' title='bbox 1103 2718 1173 2788; x_wconf 84' lang='lat' dir='ltr'><strong>nive</strong></span> 
     </span>
     <span class='ocr_line' id='line_1_22' title="bbox 128 2823 1174 2917; baseline 0.01 -27"><span class='ocrx_word' id='word_1_161' title='bbox 128 2824 270 2892; x_wconf 84' lang='lat' dir='ltr'><strong>morsus</strong></span> <span class='ocrx_word' id='word_1_162' title='bbox 291 2824 464 2905; x_wconf 85' lang='lat' dir='ltr'><strong>ferarum,</strong></span> <span class='ocrx_word' id='word_1_163' title='bbox 495 2823 565 2890; x_wconf 84' lang='lat' dir='ltr'><strong>sive</strong></span> <span class='ocrx_word' id='word_1_164' title='bbox 601 2825 781 2895; x_wconf 86' lang='lat' dir='ltr'><strong>ruinarum</strong></span> <span class='ocrx_word' id='word_1_165' title='bbox 806 2823 972 2917; x_wconf 84' lang='lat' dir='ltr'><strong>pondera.</strong></span> <span class='ocrx_word' id='word_1_166' title='bbox 1004 2869 1046 2883; x_wconf 93' lang='lat'><strong>—-</strong></span> <span class='ocrx_word' id='word_1_167' title='bbox 1074 2831 1174 2900; x_wconf 82' lang='lat' dir='ltr'><strong>lratis</strong></span> 
     </span>
     <span class='ocr_line' id='line_1_23' title="bbox 122 2934 1174 3032; baseline 0.004 -27"><span class='ocrx_word' id='word_1_168' title='bbox 122 2936 197 3005; x_wconf 82' lang='lat' dir='ltr'><strong>&#39;diis</strong></span> <span class='ocrx_word' id='word_1_169' title='bbox 232 2939 463 3028; x_wconf 80' lang='lat' dir='ltr'><strong>propitiisque</strong></span> <span class='ocrx_word' id='word_1_170' title='bbox 495 2934 710 3002; x_wconf 85' lang='lat' dir='ltr'><strong>moriundum</strong></span> <span class='ocrx_word' id='word_1_171' title='bbox 748 2954 825 3021; x_wconf 80' lang='lat' dir='ltr'><strong>est3</strong></span> <span class='ocrx_word' id='word_1_172' title='bbox 863 2939 994 3006; x_wconf 88' lang='lat' dir='ltr'><strong>animus</strong></span> <span class='ocrx_word' id='word_1_173' title='bbox 1027 2967 1068 3009; x_wconf 83' lang='lat' dir='ltr'><strong>ex</strong></span> <span class='ocrx_word' id='word_1_174' title='bbox 1096 2945 1174 3032; x_wconf 81' lang='lat' dir='ltr'><strong>ipsa</strong></span> 
     </span>
     <span class='ocr_line' id='line_1_24' title="bbox 57 3046 1173 3145; baseline 0.004 -29"><span class='ocrx_word' id='word_1_175' title='bbox 57 3071 65 3084; x_wconf 62' lang='lat'>³</span> <span class='ocrx_word' id='word_1_176' title='bbox 127 3046 371 3141; x_wconf 79' lang='lat' dir='ltr'><strong>&#39;desperatione</strong></span> <span class='ocrx_word' id='word_1_177' title='bbox 395 3061 560 3113; x_wconf 84' lang='lat' dir='ltr'><strong>sumatur.</strong></span> <span class='ocrx_word' id='word_1_178' title='bbox 582 3084 624 3097; x_wconf 91' lang='lat'>—</span> <span class='ocrx_word' id='word_1_179' title='bbox 645 3047 776 3116; x_wconf 82' lang='lat' dir='ltr'><strong>Eodem</strong></span> <span class='ocrx_word' id='word_1_180' title='bbox 798 3051 896 3117; x_wconf 89' lang='lat' dir='ltr'><strong>citius</strong></span> <span class='ocrx_word' id='word_1_181' title='bbox 916 3051 1088 3145; x_wconf 76' lang='lat' dir='ltr'><strong>tardiusve</strong></span> <span class='ocrx_word' id='word_1_182' title='bbox 1112 3075 1173 3122; x_wconf 83' lang='lat' dir='ltr'><strong>ve-</strong></span> 
     </span>
     <span class='ocr_line' id='line_1_25' title="bbox 129 3161 1176 3251; baseline 0.005 -21"><span class='ocrx_word' id='word_1_183' title='bbox 129 3162 298 3230; x_wconf 86' lang='lat' dir='ltr'><strong>niendum</strong></span> <span class='ocrx_word' id='word_1_184' title='bbox 324 3181 387 3231; x_wconf 88' lang='lat' dir='ltr'><strong>est.</strong></span> <span class='ocrx_word' id='word_1_185' title='bbox 431 3161 526 3251; x_wconf 84' lang='lat' dir='ltr'><strong>Quid</strong></span> <span class='ocrx_word' id='word_1_186' title='bbox 556 3167 663 3247; x_wconf 75' lang='lat' dir='ltr'><strong>ergo?</strong></span> <span class='ocrx_word' id='word_1_187' title='bbox 707 3165 830 3229; x_wconf 78' lang='lat' dir='ltr'><strong>Nonne</strong></span> <span class='ocrx_word' id='word_1_188' title='bbox 858 3163 921 3229; x_wconf 93' lang='lat' dir='ltr'><strong>tibi</strong></span> <span class='ocrx_word' id='word_1_189' title='bbox 948 3161 1176 3235; x_wconf 82' lang='lat' dir='ltr'><strong>tiriridissimns</strong></span> 
     </span>
     <span class='ocr_line' id='line_1_26' title="bbox 130 3272 1174 3365; baseline 0.004 -22"><span class='ocrx_word' id='word_1_190' title='bbox 130 3275 284 3343; x_wconf 89' lang='lat' dir='ltr'><strong>omnium</strong></span> <span class='ocrx_word' id='word_1_191' title='bbox 306 3273 444 3341; x_wconf 81' lang='lat' dir='ltr'><strong>videtur</strong></span> <span class='ocrx_word' id='word_1_192' title='bbox 466 3290 501 3340; x_wconf 86' lang='lat' dir='ltr'><strong>et</strong></span> <span class='ocrx_word' id='word_1_193' title='bbox 528 3272 850 3362; x_wconf 82' lang='lat' dir='ltr'><strong>insipieptissimus‚</strong></span> <span class='ocrx_word' id='word_1_194' title='bbox 874 3275 933 3365; x_wconf 85' lang='lat' dir='ltr'><strong>qni</strong></span> <span class='ocrx_word' id='word_1_195' title='bbox 954 3301 1075 3363; x_wconf 81' lang='lat' dir='ltr'><strong>magno</strong></span> <span class='ocrx_word' id='word_1_196' title='bbox 1095 3304 1174 3347; x_wconf 79' lang='lat' dir='ltr'><strong>am·</strong></span> 
     </span>
     <span class='ocr_line' id='line_1_27' title="bbox 133 3385 1177 3480; baseline 0.001 -25"><span class='ocrx_word' id='word_1_197' title='bbox 133 3387 209 3455; x_wconf 86' lang='lat' dir='ltr'><strong>bitu</strong></span> <span class='ocrx_word' id='word_1_198' title='bbox 226 3402 324 3472; x_wconf 83' lang='lat' dir='ltr'><strong>rogat</strong></span> <span class='ocrx_word' id='word_1_199' title='bbox 341 3409 470 3452; x_wconf 89' lang='lat' dir='ltr'><strong>moram</strong></span> <span class='ocrx_word' id='word_1_200' title='bbox 489 3385 637 3453; x_wconf 75' lang='lat' dir='ltr'><strong>mortis?</strong></span> <span class='ocrx_word' id='word_1_201' title='bbox 674 3390 795 3454; x_wconf 84' lang='lat' dir='ltr'><strong>Nonne</strong></span> <span class='ocrx_word' id='word_1_202' title='bbox 815 3398 1052 3455; x_wconf 80' lang='lat' dir='ltr'><strong>contemneres</strong></span> <span class='ocrx_word' id='word_1_203' title='bbox 1065 3391 1177 3483; x_wconf 86' lang='lat' dir='ltr'><strong>,qui,</strong></span> 
     </span>
     <span class='ocr_line' id='line_1_28' title="bbox 131 3494 1177 3594; baseline 0.007 -29"><span class='ocrx_word' id='word_1_204' title='bbox 131 3500 225 3566; x_wconf 82' lang='lat' dir='ltr'><strong>inter</strong></span> <span class='ocrx_word' id='word_1_205' title='bbox 242 3498 413 3594; x_wconf 84' lang='lat' dir='ltr'><strong>perituros</strong></span> <span class='ocrx_word' id='word_1_206' title='bbox 433 3500 657 3579; x_wconf 83' lang='lat' dir='ltr'><strong>constitutus,</strong></span> <span class='ocrx_word' id='word_1_207' title='bbox 683 3498 845 3566; x_wconf 82' lang='lat' dir='ltr'><strong>beneficii</strong></span> <span class='ocrx_word' id='word_1_208' title='bbox 864 3494 940 3566; x_wconf 82' lang='lat' dir='ltr'><strong>loco</strong></span> <span class='ocrx_word' id='word_1_209' title='bbox 959 3516 1112 3592; x_wconf 79' lang='lat' dir='ltr'><strong>peterat,</strong></span> <span class='ocrx_word' id='word_1_210' title='bbox 1138 3520 1177 3572; x_wconf 87' lang='lat' dir='ltr'><strong>nt</strong></span> 
     </span>
    </p>
   </div>
   <div class='ocr_carea' id='block_1_3' title="bbox 133 3781 1181 4114">
    <p class='ocr_par' dir='ltr' id='par_1_4' title="bbox 133 3781 1181 4114">
     <span class='ocr_line' id='line_1_29' title="bbox 175 3781 1181 3858; baseline 0.003 -18"><span class='ocrx_word' id='word_1_211' title='bbox 175 3786 245 3857; x_wconf 78' lang='lat' dir='ltr'><strong>(no)</strong></span> <span class='ocrx_word' id='word_1_212' title='bbox 274 3784 348 3840; x_wconf 80' lang='lat' dir='ltr'><strong>Sient</strong></span> <span class='ocrx_word' id='word_1_213' title='bbox 373 3783 568 3838; x_wconf 73' lang='lat' dir='ltr'><strong>Antoninus</strong></span> <span class='ocrx_word' id='word_1_214' title='bbox 601 3781 758 3838; x_wconf 77' lang='lat' dir='ltr'><strong>Christianis</strong></span> <span class='ocrx_word' id='word_1_215' title='bbox 786 3783 882 3848; x_wconf 66' lang='lat' dir='ltr'><strong>objecit</strong></span> <span class='ocrx_word' id='word_1_216' title='bbox 913 3784 972 3842; x_wconf 71' lang='lat' dir='ltr'><strong>tib.</strong></span> <span class='ocrx_word' id='word_1_217' title='bbox 996 3785 1049 3856; x_wconf 82' lang='lat' dir='ltr'><strong>XI,</strong></span> <span class='ocrx_word' id='word_1_218' title='bbox 1075 3788 1108 3858; x_wconf 81' lang='lat'><strong>3,</strong></span> <span class='ocrx_word' id='word_1_219' title='bbox 1133 3788 1181 3843; x_wconf 78' lang='lat' dir='ltr'><strong>nbi</strong></span> 
     </span>
     <span class='ocr_line' id='line_1_30' title="bbox 133 3867 1178 3943; baseline 0.004 -19"><span class='ocrx_word' id='word_1_220' title='bbox 133 3871 197 3924; x_wconf 81' lang='lat' dir='ltr'><strong>haec</strong></span> <span class='ocrx_word' id='word_1_221' title='bbox 213 3880 290 3925; x_wconf 76' lang='lat' dir='ltr'><strong>sunt:</strong></span> <span class='ocrx_word' id='word_1_222' title='bbox 326 3873 364 3921; x_wconf 86' lang='grc' dir='ltr'><strong>Τὸ</strong></span> <span class='ocrx_word' id='word_1_223' title='bbox 381 3869 415 3922; x_wconf 79' lang='grc' dir='ltr'><strong>δὲ</strong></span> <span class='ocrx_word' id='word_1_224' title='bbox 433 3867 541 3935; x_wconf 67' lang='grc' dir='ltr'><strong>ἕτοιμον</strong></span> <span class='ocrx_word' id='word_1_225' title='bbox 558 3874 644 3920; x_wconf 77' lang='grc' dir='ltr'><strong><em>τοῦτο</em></strong></span> <span class='ocrx_word' id='word_1_226' title='bbox 664 3874 787 3943; x_wconf 75' lang='lat' dir='ltr'><strong>(paratus</strong></span> <span class='ocrx_word' id='word_1_227' title='bbox 805 3871 836 3924; x_wconf 80' lang='lat' dir='ltr'><strong>ad</strong></span> <span class='ocrx_word' id='word_1_228' title='bbox 856 3872 1016 3926; x_wconf 84' lang='lat' dir='ltr'><strong>moriendum</strong></span> <span class='ocrx_word' id='word_1_229' title='bbox 1034 3875 1178 3942; x_wconf 75' lang='lat' dir='ltr'><strong>anianus),</strong></span> 
     </span>
     <span class='ocr_line' id='line_1_31' title="bbox 134 3957 1181 4031; baseline 0.004 -25"><span class='ocrx_word' id='word_1_230' title='bbox 134 3957 181 4009; x_wconf 66' lang='grc' dir='ltr'><strong>ἵνα</strong></span> <span class='ocrx_word' id='word_1_231' title='bbox 198 3957 252 4008; x_wconf 76' lang='grc' dir='ltr'><strong>ἀπὸ</strong></span> <span class='ocrx_word' id='word_1_232' title='bbox 270 3957 362 4025; x_wconf 52' lang='lat' dir='ltr'><strong>luanus</strong></span> <span class='ocrx_word' id='word_1_233' title='bbox 380 3960 506 4030; x_wconf 63' lang='grc' dir='ltr'><strong>κρίσιας,</strong></span> <span class='ocrx_word' id='word_1_234' title='bbox 536 3959 673 4029; x_wconf 71' lang='grc' dir='ltr'><strong>ἔρχηται·</strong></span> <span class='ocrx_word' id='word_1_235' title='bbox 693 3962 731 4028; x_wconf 76' lang='grc' dir='ltr'><strong>μὴ</strong></span> <span class='ocrx_word' id='word_1_236' title='bbox 757 3962 828 4012; x_wconf 75' lang='grc' dir='ltr'><strong>κατὰ</strong></span> <span class='ocrx_word' id='word_1_237' title='bbox 844 3959 927 4028; x_wconf 72' lang='grc' dir='ltr'><strong><em>ψιλὴν</em></strong></span> <span class='ocrx_word' id='word_1_238' title='bbox 950 3962 1120 4031; x_wconf 59' lang='lat' dir='ltr'><strong>rapiantur,</strong></span> <span class='ocrx_word' id='word_1_239' title='bbox 1145 3959 1181 4020; x_wconf 72' lang='grc' dir='ltr'><strong>ὥς</strong></span> 
     </span>
     <span class='ocr_line' id='line_1_32' title="bbox 133 4047 347 4114; baseline -0.009 -15"><span class='ocrx_word' id='word_1_240' title='bbox 133 4048 160 4100; x_wconf 68' lang='grc' dir='ltr'><strong>οἱ</strong></span> <span class='ocrx_word' id='word_1_241' title='bbox 176 4047 347 4114; x_wconf 68' lang='grc' dir='ltr'><strong>Χριστκνιοί.</strong></span> 
     </span>
    </p>
   </div>
   <div class='ocr_carea' id='block_1_4' title="bbox 0 0 1316 4740">
    <p class='ocr_par' dir='ltr' id='par_1_5' title="bbox 0 0 1316 4740">
     <span class='ocr_line' id='line_1_33' title="bbox 0 0 1316 4740; baseline 0 0"><span class='ocrx_word' id='word_1_242' title='bbox 0 0 1316 4740; x_wconf 95' lang='lat' dir='ltr'><strong> </strong></span> 
     </span>
    </p>
   </div>
  </div>
 </body>
</html>
