2604 4740
547 372 781 464 (216)-

523 657 764 682 W-

301 871 541 944 CAPUT
584 872 992 945 SEPTIMUM.

122 1111 263 1202 Magno
279 1112 399 1200 igitur
416 1133 497 1180 cum
508 1112 769 1202 probabilitate
784 1113 984 1195 statuitur,
1001 1111 1162 1180 Paulum

163 1251 242 1298 esse
263 1217 451 1296 auctorem
468 1227 519 1295 at
537 1226 726 1296 Hebraeos
744 1227 955 1316 Epoissum,
977 1226 1121 1295 additia

207 1340 408 1425 ucuuullio,
439 1365 530 1432 quoe
561 1344 736 1410 boctsuuo
767 1353 930 1410 tractatu
957 1341 1081 1429 magia

342 1455 464 1525 adbuc
485 1457 734 1525 commendare
754 1456 942 1526 uidentur.

167 1692 206 1764 si
229 1711 301 1761 non
324 1678 458 1763 fallacia
478 1711 576 1774 sunt,
600 1717 687 1785 quae
707 1717 772 1788 per
792 1714 851 1761 sex
875 1692 987 1782 capita
1018 1706 1160 1759 anteco-

123 1806 241 1876 centia
260 1809 424 1902 exposui,
445 1807 507 1874 sed
530 1809 610 1875 satis
636 1797 769 1876 idoneis
795 1806 995 1893 exegeticis,
1017 1804 1162 1875 histori-

124 1919 173 1988 cis
203 1932 239 1989 ct
267 1918 515 2008 chronologicis
550 1923 755 2011 argumentis
786 1922 971 2004 nituntur3
1008 1918 1163 2010 sequitur

59 2078 62 2083 -
124 2036 247 2118 etism,
270 2033 414 2102 Paulum
431 2052 568 2106 nostrae
584 2035 747 2129 epistolae
763 2057 834 2102 esse
857 2054 1052 2118 auctorem,
1068 2055 1162 2100 eam·
1199 2028 1204 2038 ’

127 2171 197 2239 quc
214 2147 279 2215 sub
304 2149 409 2216 finem
430 2149 633 2244 captivitatis
653 2149 824 2217 Romanae
846 2135 1010 2218 exarasse.

169 2264 288 2352 Atque
309 2285 350 2331 co
372 2263 553 2352 proniores
573 2262 617 2331 ad
634 2287 694 2347 eu,
718 2286 806 2352 quae
826 2261 869 2328 de
886 2263 1015 2349 origine
1035 2278 1166 2329 nostras

129 2375 295 2466 epistolae
313 2375 473 2470 exposui,
503 2375 761 2470 comprobrnda
787 2375 988 2463 reddimur,
1011 2399 1091 2445 cum
1117 2377 1166 2443 his

126 2492 251 2580 positis

174 2605 222 2675 A.
253 2592 451 2698 pleraque,
483 2633 576 2698 quae
610 2611 735 2678 multis
766 2609 946 2698 originem
973 2608 1176 2691 Paulinam,

122 2716 298 2804 feceruut
320 2737 552 2811 suspectam,
577 2733 801 2793 evanescant.

177 2860 209 2906 r.
241 2834 407 2927 Suspecta
435 2837 573 2907 videtur
600 2835 715 2903 multis
737 2839 833 2924 origo
854 2855 989 2906 nostrae
1010 2840 1170 2931 epistolae

131 2949 277 3019 Paulina
301 2952 346 3018 ob
366 2954 495 3040 piures
523 2975 627 3019 uoces
656 2965 694 3020 et
722 2954 922 3020 sententias
945 2954 984 3022 iu
1016 2958 1171 3023 caeteris

132 3063 296 3151 epistolis
318 3062 433 3134 Pauli
450 3091 520 3134 rrou
545 3067 676 3134 obuiae.

175 3177 337 3247 Profecto
368 3204 439 3248 non
469 3182 620 3263 mirum,
654 3182 684 3247 si
715 3180 837 3247 Paulus
860 3182 963 3247 *intra
992 3180 1172 3251 biennium

133 3291 339 3382 captivitatis
359 3316 438 3361 suae
459 3293 743 3362 consuetudinem
770 3293 916 3383 aliquam
941 3319 1020 3362 cum
1042 3297 1173 3364 Scuecr

130 3405 274 3490 babuit,
298 3423 333 3473 et
348 3405 401 3474 vel
422 3409 554 3499 saepius
573 3430 651 3474 cum
669 3429 708 3474 co
725 3405 975 3498 colloquendo,
998 3407 1052 3478 vel
1064 3410 1172 3479 libros

134 3520 230 3605 ejus,
254 3518 406 3610 quitum
428 3521 589 3608 temporis
616 3544 735 3605 magna
761 3539 919 3610 exparte
937 3524 1057 3613 scripti
1077 3541 1176 3593 erant

134 3623 190 3706 vei
210 3634 474 3718 scribebantur,
496 3632 640 3720 legendo
659 3635 749 3723 (26)
761 3681 773 3718 ,
795 3636 848 3703 vel
869 3635 1012 3704 aliorum
1036 3636 1176 3710 Stoico-

128 3809 342 3834 *tt-n*

171 3917 248 3989 (26)
274 3916 393 3978 Ueteri
413 3919 441 3972 in
463 3918 546 3974 libror
573 3906 787 3992 Euiwr'clrelung
802 3921 849 3974 des
866 3922 1067 3987 Paulinischerr
1085 3927 1181 4007 Debri-

134 4003 281 4076 begriffes,
301 4009 374 4062 1831.
391 4025 416 4076 ρ.
426 4026 451 4077 7.
468 4020 538 4062 recte
556 4010 594 4062 ita
609 4007 725 4076 judicat:
762 4006 854 4063 »Eine
868 4006 1017 4080 alln'a’hlige
1031 4011 1182 4071 Encwrckc·

134 4089 197 4160 long
215 4092 267 4166 und
285 4092 441 4151 historischc
457 4095 616 4164 subilasse
632 4095 677 4152 der
694 4093 778 4153 lubre
794 4094 838 4151 des
860 4097 952 4154 Paulus
969 4098 1032 4152 vird
1053 4118 1114 4154 man
1134 4118 1179 4156 zu·
