2604 4740
504 382 559 478 t
603 391 665 482 ¹³9
706 389 723 474 t

165 562 256 661 Ergo
279 583 409 655 sunus,
433 583 502 662 quo
526 571 649 638 Paulus
670 575 811 640 Romam
838 574 951 656 venit,
974 561 1041 642 fuit
1063 576 1155 645 oetas

121 702 185 757 vus
207 709 315 753 22222
338 707 477 751 currens
494 687 651 758 Neronis.
694 687 716 751 J
717 709 771 751 am
789 687 817 750 si
835 688 988 778 quinque
1004 691 1155 783 reliquos

123 816 230 868 annos
259 815 295 867 et
315 815 393 866 octo
411 812 541 867 menses
567 800 669 870 totius
690 801 852 896 temporis
879 803 1018 893 imperii
1040 807 1155 874 Nero-

120 913 219 980 niani
234 912 463 980 subtrahimus
480 938 498 977 a
518 928 692 1004 tempore,
715 930 785 1004 quo
803 932 955 982 mortuus
968 920 1025 982 'est
1044 920 1135 985 Nero
1144 937 1161 1002 ,³

123 1049 251 1114 nempe
277 1052 295 1093 a
318 1025 373 1093 die
400 1049 491 1095 nono
512 1029 636 1098 mensis
659 1028 753 1095 Junii
779 1029 844 1114 683
875 1027 1038 1095 habemus
1068 1029 1162 1101 diem

124 1160 257 1208 nonum
283 1140 443 1209 Octobris
468 1141 550 1207 anni
572 1145 626 1210 62.
669 1139 791 1208 Paulus
811 1140 917 1227 igitur
936 1165 1025 1208 anno
1044 1146 1097 1212 62.
1120 1169 1162 1234 p.

122 1252 214 1342 Chr.
234 1275 289 1336 n.,
311 1277 403 1320 annu
421 1270 579 1321 currente
595 1271 714 1320 octavo
723 1253 907 1322 Neroniani
919 1255 1074 1348 imperii,
1098 1259 1159 1346 qui

125 1383 177 1433 est
202 1365 287 1432 inde
309 1392 327 1433 2
352 1366 409 1434 die
428 1371 468 1437 13
490 1368 611 1434 mensis
635 1366 797 1434 Octobris
818 1368 899 1434 anui
923 1370 961 1437 62
984 1390 1092 1458 usque
1119 1362 1164 1438 aal

126 1484 166 1550 13
181 1480 326 1547 Octobr.
349 1481 388 1546 62
413 1480 501 1570 (9),
530 1498 566 1547 et
586 1478 726 1570 quidem
744 1495 849 1551 verno
868 1497 1040 1570 tempore,
1064 1500 1101 1550 ut
1121 1508 1164 1551 ex

127 1590 225 1659 Actis
260 1604 378 1678 patet,
409 1591 551 1657 Romam
584 1591 736 1679 captivus
770 1593 883 1677 venit,
913 1604 948 1662 et
985 1593 1164 1666 biennium

130 1699 330 1792 captivitatis
349 1702 423 1786 ejus
443 1702 632 1779 Romanae,
656 1702 752 1788 eujus
774 1707 812 1772 iu
835 1708 931 1774 Actis
955 1710 1083 1775 mentio
1101 1707 1164 1788 fit,

130 1812 269 1880 duravit
295 1809 379 1879 inde
407 1838 427 1881 a
457 1834 538 1880 vere
557 1815 639 1880 anni
659 1818 699 1883 62
725 1819 897 1908 usquead
919 1832 979 1885 'ves‘
1007 1819 1091 1883 anui
1112 1821 1171 1886 64.

128 1926 328 2008 Caeterum,
347 1948 430 1992 num
443 1941 567 1993 aestate
588 1926 739 2010 222164,
757 1952 823 2016 qua
838 1932 930 1998 Nero
946 1931 1088 1994 Romam
1102 1930 1171 1993 in-

132 2036 285 2104 cendisse
300 2035 471 2119 traditur,
494 2036 615 2103 Paulus
631 2035 747 2104 adhuc
769 2039 895 2107 Romae
913 2038 1034 2116 fuerit,
1052 2055 1086 2104 et
1105 2061 1165 2104 ex·

130 2131 234 2219 eunte
264 2174 354 2218 anno
376 2154 418 2220 64
439 2149 491 2219 vel
519 2151 661 2218 ineunte
683 2171 774 2217 auno
800 2153 843 2219 65
865 2151 902 2216 12
927 2153 1164 2243 perseeutione

132 2265 407 2365 Christianorum
434 2286 454 2327 2
481 2262 638 2346 Nerone,
671 2263 731 2353 qui
756 2261 910 2331 incendii
932 2263 1096 2333 iuvidiam
1126 2267 1166 2333 in

131 2377 344 2446 Christianos
378 2373 607 2456 devolvebat,
637 2373 803 2464 imperata
842 2374 934 2443 diem
967 2392 1165 2463 supremum

131 2493 276 2575 obierit,
300 2514 342 2556 an
360 2489 522 2556 liberatus
543 2485 744 2571 avinculis,
767 2488 856 2555 sieut
876 2508 895 2553 a
917 2488 1031 2556 multis
1050 2489 1165 2556 tradi·
1264 2503 1267 2508 ’

133 2621 211 2682 tur,
232 2601 390 2671 ecclesias
419 2631 438 2695 2
469 2627 504 2671 se
537 2600 693 2672 conditas
719 2597 860 2682 adierit,
881 2600 946 2667 hoc
972 2624 1094 2691 parum
1119 2602 1167 2672 ad

133 2741 242 2786 meam
270 2738 344 2783 rem
368 2714 512 2784 confert.
556 2711 660 2801 Quod
678 2732 759 2777 vero
779 2711 842 2777 hac
864 2711 995 2782 ratione
1016 2717 1170 2805 captim-⁴

131 2831 210 2894 tatis
245 2824 427 2907 Paulinae,
459 2848 545 2915 quac
567 2823 632 2890 suit
654 2825 800 2906 Romae,
830 2838 964 2910 tempus
991 2823 1034 2892 ad
1061 2846 1169 2894 annos

131 2943 196 3024 62,
218 2943 281 3019 65,
306 2941 348 3009 64
371 2938 503 3017 refero,
525 2938 562 3002 in
580 2961 621 3004 eo
642 2937 753 3002 habeo
779 2935 998 3002 assentientes
1020 2952 1054 3004 et
1071 2956 1168 3005 ante·

132 3072 281 3116 cessores
303 3047 446 3129 multos,
469 3070 500 3114 e.
519 3072 551 3133 g.
575 3048 825 3130 Eichhorn,
847 3047 1085 3136 Einlet'tung,
1108 3051 1142 3118 11
1151 3093 1167 3135 ,

133 3165 188 3231 52.
233 3161 298 3229 Hic
318 3185 408 3228 anuo
429 3166 471 3232 60
499 3160 639 3228 Paulum
661 3162 843 3226 Caesareae
864 3159 902 3227 iu
924 3160 1059 3229 vincula
1077 3186 1166 3230 cona

131 3276 261 3360 jectum
282 3297 352 3339 esse
371 3286 556 3359 computat.
592 3273 680 3336 Hinc
699 3273 875 3361 sequitur,
895 3274 1058 3362 quoniam
1075 3275 1168 3340 Pau·

131 3384 185 3450 122
214 3407 278 3472 per
310 3384 395 3451 duos
428 3406 535 3448 annos
566 3384 749 3450 Caesareae
777 3387 928 3472 captivus
954 3388 1102 3468 mansit,
1132 3403 1168 3455 et

132 3521 204 3596 nou
222 3498 326 3564 breve
349 3515 481 3585 tempas
498 3496 534 3561 in
552 3496 676 3562 itinere
696 3497 830 3566 marino
851 3497 1056 3580 consumsit,
1079 3517 1171 3584 apo·⁴

145 3699 354 3722 *nn—n*

168 3837 226 3911 (9)
244 3837 312 3890 Nero
334 3837 404 3890 enin
425 3829 562 3907 inperium
581 3829 719 3908 capessivit
736 3837 778 3891 112
796 3840 828 3892 25
845 3832 963 3894 Octobris
974 3841 1017 3897 54.
1034 3840 1168 3900 suetos,

139 3918 238 3979 Claud·
253 3926 302 3992 45,
321 3914 669 3994 12212111,2ιρ.21222
704 3929 906 3982 ,122222222222
924 3919 1033 3983 Neronis
1050 3937 1127 4000 ergo,
1144 3933 1172 3983 in

134 4026 186 4080 quo
204 4009 301 4064 Seneca
318 4021 376 4082 post
390 4009 488 4065 Burvhi
505 4025 614 4066 mortem
632 4032 718 4068 eoram
736 4008 844 4070 6222222
855 4016 933 4070 verba
951 4016 1176 4072 122122122122222

137 4099 247 4170 petens,
264 4109 303 4158 cat
315 4097 499 4172 conputamus
513 4116 530 4154 2
547 4096 589 4158 112
611 4103 642 4160 u
652 4100 757 4162 Octobr.
769 4104 811 4160 62.
824 4112 911 4175 usque>
921 4096 954 4157 ad
971 4106 1004 4160 15
1019 4102 1078 4165 O'et.
1090 4101 1134 4165 62.
