2604 4740
551 383 728 472 (aaa)

168 592 198 639 2.
219 568 419 655 Suspectam
439 566 553 636 multis
572 565 730 637 reddunt
748 566 913 654 originem
933 582 1067 641 nostrae
1088 572 1167 667 epi·

121 682 231 752 stolae
252 681 430 779 Paulinam
452 681 600 751 dicendi
628 693 666 752 et
692 680 881 753 tractanda·
900 703 1017 768 genua
1036 686 1168 760 Pailo-

124 800 248 868 nianis
260 797 413 882 scriptia
434 798 568 874 simile,
586 812 621 861 ct
637 797 883 864 convenientia
901 797 1059 867 iocosum
1079 801 1171 885 quo&
1235 796 1237 801 ’

124 913 283 985 ruendam
303 933 384 977 cum
405 911 573 976 Philonis
593 912 765 1007 scriptis,
779 926 814 975 et
828 909 988 996 phrases
1010 912 1047 978 in
1069 893 1170 981 Ptzss

115 1029 218 1094 ¹lonis
235 1025 385 1113 seruitia
400 1027 545 1113 passim
567 1024 703 1092 obviae.

167 1139 283 1207 Nolim
309 1161 459 1226 negare,
482 1139 520 1205 in
548 1137 703 1226 Epistola
731 1137 774 1209 ad
802 1139 976 1213 Hebraeos
1004 1141 1174 1221 nonnulla

123 1238 329 1326 Philoniane
350 1252 511 1343 reperiri.
557 1255 647 1321 Num
664 1272 746 1320 vero
767 1252 851 1321 inde
868 1252 1053 1344 sequitur,
1075 1254 1172 1328 Pm-

124 1369 199 1436 lum
212 1390 283 1437 non
297 1391 369 1436 csse
385 1385 557 1442 auctorem
574 1385 714 1439 nostrae.
729 1366 914 1457 epistolae,
936 1368 1000 1439 secl
1015 1367 1174 1436 Alexan-

126 1481 269 1556 (irinum
285 1482 460 1573 quendam
482 1481 680 1568 doctorem,
703 1483 906 1551 nominatim
927 1481 1176 1572 Apollonium?
1199 1565 1203 1571 ἴ

126 1599 253 1666 Nonne
282 1599 383 1663 etiam
412 1596 536 1671 Paulus
566 1599 702 1688 scripta
720 1597 876 1667 Philonis
902 1596 1014 1685 legere
1037 1599 1177 1687 potuit?

127 1712 256 1787 Immo,
278 1711 397 1803 positis
415 1711 474 1789 iis,
490 1733 578 1804 quae
600 1734 705 1801 supra
725 1711 770 1778 de
788 1715 919 1797 origine
937 1733 1074 1788 nostrae
1095 1718 1178 1805 epi„-

127 1823 235 1892 stolae
250 1823 487 1916 exposuimus,
508 1842 740 1911 opportunam
752 1804 865 1891 'libros
883 1828 1103 1921 Philonianos
1120 1824 1178 1901 le-

127 1937 233 2024 gendi
255 1939 469 2006 occasionem
491 1953 611 2013 nactus
632 1956 701 2005 ests
745 1940 852 2011 Philo·
871 1943 964 2010 enim
983 1964 1084 2011 anno·
1098 1959 1178 2039 post

128 2053 269 2120 Chran.
286 2053 341 2124 41.
363 2053 459 2140 (Csr.
481 2049 738 2122 BeckWelt·
751 2056 829 2122 und
844 2056 885 2125 V
880 2058 1175 2151 olltergesclt‚ielt·.

130 2180 190 2250 te,
213 2166 381 2248 Tomll,
404 2188 441 2253 p.
460 2167 549 2252 594,
571 2182 643 2237 not
665 2181 693 2236 t.
716 2186 750 2235 et
772 2169 1053 2254 Schroeclsh‚
1078 2171 1177 2243 Kir-

95 2347 100 2352 ,
128 2282 258 2368 cheng.
283 2281 390 2345 Tom..
407 2279 462 2363 ΙΙ,
484 2305 520 2367 p.
546 2304 630 2362 too,
655 2282 715 2367 qui
736 2279 840 2347 habet
859 2307 990 2354 annum
1015 2287 1080 2366 40)
1102 2286 1180 2359 Ru·

127 2418 205 2462 mae
230 2393 316 2488 ¹luit,
348 2415 425 2459 cum
449 2395 615 2484 princeps
640 2392 817 2479 legationis
840 2396 1002 2466 Judaioae
1022 2397 1178 2472 Alexan,-

49 2589 55 2596 .
129 2509 211 2580 dria
233 2510 374 2575 Romam
407 2509 452 2575 ad
480 2508 667 2594 Caligulam
704 2510 921 2590 mitteretur,
958 2530 998 2580 ut
1021 2538 1065 2583 ex
1086 2514 1179 2611 lilino
1215 2499 1218 2506 ’

129 2627 204 2714 ejus
226 2642 304 2716 post
322 2624 455 2690 obitum
475 2623 647 2711 Caligulae
665 2627 796 2712 scripto
816 2625 878 2690 sub
900 2625 1024 2696 titulo:
1045 2629 1179 2720 ὦρμ-

132 2742 187 2807 tio
205 2743 257 2807 ad
278 2739 408 2828 Cojum
425 2752 462 2805 et
480 2738 651 2808 Virtutes
673 2739 758 2828 Cctji
778 2753 884 2824 patet.
916 2741 981 2806 Hic
999 2740 1090 2813 liber
1111 2768 1176 2827 eor

128 2879 205 2924 ram
228 2855 352 2922 Senatu
374 2855 529 2919 Romano
547 2852 655 2920 lectus
681 2869 716 2919 et
740 2852 787 2919 ita
808 2851 965 2927 laudatus
986 2878 1067 2923 esse„
1084 2855 1178 2940 dieis-

131 2986 216 3055 tur,
238 2986 277 3034 ut
299 2985 434 3034 caetera
446 2968 518 3053 ejus
539 2968 668 3056 scripta
688 2967 793 3052 digna
806 2968 1067 3053 judicata.sint,‚
1092 2951 1179 3069 quae

133 3087 174 3153 in
204 3083 429 3150 bibliothecas
461 3085 587 3148 Romae
621 3081 778 3170 publicas
811 3081 1041 3153 referrentur.
1105 3084 1179 3177 Cir.

136 3201 250 3267 Cave
272 3199 421 3265 Hister.
443 3197 563 3265 Liter.
587 3195 624 3261 P.
642 3194 678 3276 Ι,
701 3218 787 3263 saec·
808 3198 840 3263 5.
887 3195 923 3262 Si
942 3197 995 3269 vel
1019 3199 1086 3270 hoe
1109 3198 1179 3289 ‹lu-

132 3315 229 3382 bium
257 3330 364 3396 esset,
398 3328 490 3376 certe
512 3311 641 3400 scripta
666 3309 752 3377 tanti
778 3307 928 3377 doctoris
941 3360 959 3388 ,,
986 3337 1051 3402 pro
1072 3313 1180 3397 salute

133 3427 355 3516 popularium
367 3427 494 3496 Romae
506 3422 735 3514 periclitantis
747 3470 766 3505 ,,
780 3423 917 3493 ludaeis
933 3427 1058 3499 Ranae
1080 3449 1180 3501 com·
1203 3433 1205 3436 ’

132 3541 345 3608 morantibus
374 3564 445 3606 non
476 3542 591 3624 ignota
613 3537 820 3621 manebant,
851 3539 913 3604 sed
937 3537 1090 3625 exempla
1117 3563 1180 3605 eo-

133 3679 213 3724 rum
245 3657 282 3720 in
306 3654 489 3719 multorum
513 3652 669 3718 manibus
694 3657 931 3718 versabantur.
986 3650 1083 3739 Quid
1112 3650 1183 3718 mi·

134 3795 235 3854 rum,
259 3772 287 3835 si
308 3768 451 3853 Paulus,
472 3785 603 3834 tantum
631 3769 793 3854 temporis
820 3768 945 3831 Romae
974 3788 1185 3843 commorans

135 3884 307 3973 nullisque
324 3884 503 3953 itineribus
522 3901 556 3950 et
576 3882 719 3969 negotiis
741 3881 942 3966 distractus,
963 3881 1184 3971 Philonisli-

135 4002 217 4066 bros
233 3997 415 4064 nonnullos
433 3998 595 4063 lectitarit
612 4016 648 4064 et
667 3998 748 4062 inda
776 3996 944 4063 nonnulla
959 3996 1097 4063 Philoni
1114 4024 1182 4087 pe-

140 4114 278 4183 culiaria
298 4113 516 4180 assumserit?
547 4111 644 4199 Quid
664 4112 787 4178 mirum
801 4160 810 4198 7
838 4112 885 4194 si,
910 4111 1089 4200 epistolam
1114 4139 1182 4180 no·
