2604 4740
502 645 791 681 ...ψ’-α-

301 852 544 924 CAPUT
611 846 968 922 TERTIUM.

126 1068 129 1074 ’
162 1081 281 1172 Vetas
300 1096 358 1152 aa
380 1081 551 1163 traditio,
582 1081 681 1152 ancer
702 1083 861 1165 uastam
884 1096 922 1150 et
945 1081 1115 1160 senecam

290 1199 597 1288 familiaritatem
617 1200 781 1290 aliquam
802 1200 979 1269 extitisse.
1100 1200 1103 1204 ’

166 1446 212 1517 A.
243 1447 354 1536 Hujus
380 1448 616 1538 familiaritatis
643 1449 735 1516 inter
763 1445 908 1521 Paulum
937 1463 971 1514 et
1001 1446 1160 1519 Senecam

122 1564 250 1656 passim
276 1564 408 1636 mentio
438 1565 479 1631 fit
513 1565 552 1631 in
581 1563 721 1654 scriptis
753 1564 967 1655 antiquitatis
1000 1561 1159 1630 ecclesia⁴

121 1679 241 1747 uticae.

165 1795 303 1861 Linus
325 1791 506 1887 episeopus
520 1796 692 1865 Romanus
713 1794 749 1861 in
772 1793 865 1864 libro
883 1791 1104 1888 supposititio
1123 1789 1165 1858 dt

121 1907 299 1998 passione
310 1910 424 1976 Pauli
435 1924 472 1978 et
483 1907 602 1984 Petri,
617 1908 670 1978 vel
686 1909 840 2001 quisquis
853 1911 960 1977 fuerit
974 1911 1077 1994 hujus
1088 1899 1166 1973 libri

128 2004 276 2108 auctor,
309 2019 396 2090 haee
425 2024 554 2092 tradit:
589 2055 606 2096 u
626 2025 807 2092 Institutor
838 2027 1007 2103 Neronis,
1041 2023 1169 2092 Seneca

127 2138 215 2206 adeo
238 2139 306 2205 suit
338 2138 443 2206 Paulo
470 2139 619 2206 amicitia
650 2143 881 2227 conjunctus,
914 2138 1034 2207 videns
1060 2139 1099 2205 in
1131 2159 1170 2205 eo

128 2251 309 2319 scientiam
327 2251 501 2335 divinem,
520 2267 558 2318 ut
576 2276 611 2319 se
635 2278 653 2320 a
673 2252 844 2343 colloquio
863 2256 936 2340 ejus
955 2255 1011 2319 vix
1033 2269 1169 2344 tempe·

129 2389 209 2434 rare
229 2382 371 2456 posset,
403 2364 636 2455 quominus,
661 2368 689 2433 si
710 2392 768 2434 ore
789 2366 832 2434 ad
858 2390 893 2435 os
921 2366 1017 2434 illum
1045 2367 1172 2461 alloqui

132 2503 205 2548 non
231 2480 378 2564 valeret,
398 2480 638 2572 frequentibus
663 2479 750 2547 datis
771 2499 806 2548 et
831 2483 980 2571 acceptis
999 2483 1174 2574 epistolis,

134 2597 241 2691 ipsius
278 2593 463 2661 dulcedine
495 2611 530 2663 et
562 2593 733 2663 amicabili
765 2595 937 2690 colloquio
969 2615 1004 2664 et
1035 2600 1176 2670 consilio

136 2711 358 2780 l'1·ueretur.’'
411 2710 705 2802 Hieronymus
735 2712 773 2777 in
801 2710 893 2803 libro
919 2713 965 2780 de
993 2715 1178 2807 Scriptor.

136 2828 354 2896 Ecclesiast.
373 2826 464 2915 «Cap.
488 2848 527 2894 12
552 2827 635 2893 haec
667 2825 792 2896 habete
826 2827 990 2899 «Lucius
1013 2830 1178 2900 Annaeus

138 2942 397 3026 Cordubensis,
429 2941 577 3009 Sotionis
600 2940 789 3030 discipulus
814 2960 849 3009 et
873 2960 1014 3033 patruus
1046 2948 1180 3037 Lucani

138 3068 285 3152 poitae,
309 3057 395 3123 vitae
415 3054 481 3121 fuit
499 3056 830 3135 continentissimae,
854 3082 957 3149 quem
976 3084 1047 3126 non
1062 3063 1180 3151 pone·

142 3198 218 3247 rem
236 3179 272 3238 in
295 3168 450 3257 catalogo
461 3185 676 3252 sanctorum,
699 3167 765 3234 nisi
784 3194 835 3235 me
852 3191 1080 3261 provocarent
1100 3180 1181 3269 epi⁴

126 3289 270 3366 atalae,
294 3311 380 3378 quae
400 3285 559 3372 leguntur
585 3308 605 3349 a
626 3280 807 3371 plurimis,
829 3283 926 3352 Pauli
944 3287 988 3354 ad
1015 3289 1183 3365 Senecam

142 3425 177 3474 et
199 3406 349 3473 Senecae
373 3399 414 3465 ad
439 3393 630 3465 Paulum.’'
1167 3409 1176 3415 -

186 3515 389 3607 Hieronymi
421 3510 607 3580 sententiae
641 3510 868 3605 adstipulatur
903 3515 1187 3604 Augustinus

142 3637 182 3705 in
199 3633 359 3725 Epistol.
381 3631 431 3698 ad
447 3627 702 3696 Macedonium
721 3629 762 3698 54
777 3658 786 3696 a
821 3659 837 3701 a
857 3629 986 3698 Seneca
1005 3633 1072 3707 suit
1096 3668 1187 3735 apo.

147 3751 313 3819 stolorum
350 3742 583 3837 temporibus,
619 3743 716 3829 cujus
752 3743 922 3832 quaedam
945 3749 1110 3838 epistolae
1142 3761 1189 3832 ,d

145 3866 289 3934 Paulum
318 3865 489 3948 leguntur.
504 3856 531 3890 ''

191 3979 281 4046 llinc
299 3974 483 4068 Lipsius
505 3974 541 4041 in
553 3973 665 4041 Vitae
677 3971 832 4041 Senecae
849 3993 925 4063 cap.
938 3970 1027 4047 rode
1040 3980 1194 4059 Senecas

147 4110 184 4161 et
205 4090 299 4158 Pauli
325 4085 475 4178 epistolis
495 4111 616 4174 agens:
640 4112 779 4175 «erga,
793 4091 813 4122 '⁹
833 4093 968 4181 inquit,
1002 4101 1132 4168 «inter
1156 4127 1192 4173 ,ς
