<?xml version="1.0" encoding="UTF-8"?>
<!DOCTYPE html PUBLIC "-//W3C//DTD XHTML 1.0 Transitional//EN"
    "http://www.w3.org/TR/xhtml1/DTD/xhtml1-transitional.dtd">
<html xmlns="http://www.w3.org/1999/xhtml" xml:lang="en" lang="en">
 <head>
  <title>
</title>
<meta http-equiv="Content-Type" content="text/html;charset=utf-8" />
  <meta name='ocr-system' content='tesseract 3.04.00' />
  <meta name='ocr-capabilities' content='ocr_page ocr_carea ocr_par ocr_line ocrx_word'/>
</head>
<body>
  <div class='ocr_page' id='page_1' title='image "./vindiciaeorigin00gelpgoog_0168.png"; bbox 0 0 2604 4740; ppageno 0'>
   <div class='ocr_carea' id='block_1_1' title="bbox 490 109 669 196">
    <p class='ocr_par' dir='ltr' id='par_1_1' title="bbox 490 109 669 196">
     <span class='ocr_line' id='line_1_1' title="bbox 490 109 669 196; baseline 0.006 -1"><span class='ocrx_word' id='word_1_1' title='bbox 490 109 669 196; x_wconf 73' lang='lat'>(¹⁶1)</span> 
     </span>
    </p>
   </div>
   <div class='ocr_carea' id='block_1_2' title="bbox 44 282 1201 2876">
    <p class='ocr_par' dir='ltr' id='par_1_2' title="bbox 44 282 1201 2876">
     <span class='ocr_line' id='line_1_2' title="bbox 44 282 1090 387; baseline -0.001 -23"><span class='ocrx_word' id='word_1_2' title='bbox 44 282 227 364; x_wconf 72' lang='lat' dir='ltr'>‘iudicium</span> <span class='ocrx_word' id='word_1_3' title='bbox 253 289 320 356; x_wconf 83' lang='lat' dir='ltr'>hoc</span> <span class='ocrx_word' id='word_1_4' title='bbox 343 288 489 376; x_wconf 83' lang='lat' dir='ltr'>Longini</span> <span class='ocrx_word' id='word_1_5' title='bbox 511 289 555 371; x_wconf 68' lang='lat' dir='ltr'>de</span> <span class='ocrx_word' id='word_1_6' title='bbox 584 291 690 358; x_wconf 83' lang='lat' dir='ltr'>Paulo</span> <span class='ocrx_word' id='word_1_7' title='bbox 716 292 900 383; x_wconf 75' lang='lat' dir='ltr'>eloquente</span> <span class='ocrx_word' id='word_1_8' title='bbox 925 296 1090 387; x_wconf 77' lang='lat' dir='ltr'>quidem,</span> 
     </span>
     <span class='ocr_line' id='line_1_3' title="bbox 47 402 1092 496; baseline -0.005 -25"><span class='ocrx_word' id='word_1_9' title='bbox 47 409 141 488; x_wconf 66' lang='lat' dir='ltr'>aad,</span> <span class='ocrx_word' id='word_1_10' title='bbox 161 429 259 496; x_wconf 64' lang='lat' dir='ltr'>‘qnae</span> <span class='ocrx_word' id='word_1_11' title='bbox 276 402 433 494; x_wconf 81' lang='lat' dir='ltr'>profert,</span> <span class='ocrx_word' id='word_1_12' title='bbox 465 403 573 469; x_wconf 88' lang='lat' dir='ltr'>firmis</span> <span class='ocrx_word' id='word_1_13' title='bbox 594 404 800 487; x_wconf 79' lang='lat' dir='ltr'>argumentis</span> <span class='ocrx_word' id='word_1_14' title='bbox 822 427 892 470; x_wconf 91' lang='lat' dir='ltr'>non</span> <span class='ocrx_word' id='word_1_15' title='bbox 923 406 1092 474; x_wconf 77' lang='lat' dir='ltr'>corrobo-</span> 
     </span>
     <span class='ocr_line' id='line_1_4' title="bbox 47 513 1097 609; baseline -0.007 -18"><span class='ocrx_word' id='word_1_16' title='bbox 47 526 159 592; x_wconf 84' lang='lat' dir='ltr'>&#39;rante</span> <span class='ocrx_word' id='word_1_17' title='bbox 174 518 328 609; x_wconf 84' lang='lat' dir='ltr'>iniquius</span> <span class='ocrx_word' id='word_1_18' title='bbox 352 532 422 598; x_wconf 87' lang='lat' dir='ltr'>est,</span> <span class='ocrx_word' id='word_1_19' title='bbox 453 513 513 583; x_wconf 89' lang='lat' dir='ltr'>sed</span> <span class='ocrx_word' id='word_1_20' title='bbox 537 537 726 602; x_wconf 11' lang='lat' dir='ltr'>agpersona</span> <span class='ocrx_word' id='word_1_21' title='bbox 748 517 917 603; x_wconf 82' lang='lat' dir='ltr'><strong>Longini,</strong></span> <span class='ocrx_word' id='word_1_22' title='bbox 946 518 1097 586; x_wconf 81' lang='lat' dir='ltr'>hominis</span> 
     </span>
     <span class='ocr_line' id='line_1_5' title="bbox 55 625 1096 728; baseline -0.005 -27"><span class='ocrx_word' id='word_1_23' title='bbox 55 630 215 718; x_wconf 81' lang='lat' dir='ltr'>religioni</span> <span class='ocrx_word' id='word_1_24' title='bbox 245 629 457 728; x_wconf 74' lang='lat' dir='ltr'>Christianae</span> <span class='ocrx_word' id='word_1_25' title='bbox 491 625 701 693; x_wconf 85' lang='lat' dir='ltr'>adversantis</span> <span class='ocrx_word' id='word_1_26' title='bbox 726 642 760 692; x_wconf 90' lang='lat' dir='ltr'>et</span> <span class='ocrx_word' id='word_1_27' title='bbox 791 649 870 694; x_wconf 87' lang='lat' dir='ltr'>cum</span> <span class='ocrx_word' id='word_1_28' title='bbox 901 629 1096 721; x_wconf 80' lang='lat' dir='ltr'>Porphyrio</span> 
     </span>
     <span class='ocr_line' id='line_1_6' title="bbox 48 737 1094 828; baseline -0.004 -17"><span class='ocrx_word' id='word_1_29' title='bbox 48 743 219 821; x_wconf 77' lang='lat' dir='ltr'>Malcho,</span> <span class='ocrx_word' id='word_1_30' title='bbox 231 741 396 808; x_wconf 86' lang='lat' dir='ltr'>acerrimo</span> <span class='ocrx_word' id='word_1_31' title='bbox 410 737 573 825; x_wconf 83' lang='lat' dir='ltr'>evangelii</span> <span class='ocrx_word' id='word_1_32' title='bbox 589 739 849 828; x_wconf 80' lang='lat' dir='ltr'>impugnatore,</span> <span class='ocrx_word' id='word_1_33' title='bbox 865 739 1094 808; x_wconf 84' lang='lat' dir='ltr'>familiarissi-</span> 
     </span>
     <span class='ocr_line' id='line_1_7' title="bbox 58 849 1099 943; baseline -0.009 -15"><span class='ocrx_word' id='word_1_34' title='bbox 58 880 115 928; x_wconf 88' lang='lat' dir='ltr'>me</span> <span class='ocrx_word' id='word_1_35' title='bbox 134 856 300 939; x_wconf 81' lang='lat' dir='ltr'>viventis,</span> <span class='ocrx_word' id='word_1_36' title='bbox 324 867 541 943; x_wconf 87' lang='lat' dir='ltr'>nequaqnam</span> <span class='ocrx_word' id='word_1_37' title='bbox 564 849 724 918; x_wconf 79' lang='lat' dir='ltr'>alienum.</span> <span class='ocrx_word' id='word_1_38' title='bbox 757 852 929 939; x_wconf 84' lang='lat' dir='ltr'>Longinus</span> <span class='ocrx_word' id='word_1_39' title='bbox 949 854 1016 920; x_wconf 89' lang='lat' dir='ltr'>hoc</span> <span class='ocrx_word' id='word_1_40' title='bbox 1033 856 1099 940; x_wconf 81' lang='lat' dir='ltr'>ju·</span> 
     </span>
     <span class='ocr_line' id='line_1_8' title="bbox 62 963 1097 1056; baseline -0.003 -18"><span class='ocrx_word' id='word_1_41' title='bbox 62 970 155 1038; x_wconf 90' lang='lat' dir='ltr'>dicio</span> <span class='ocrx_word' id='word_1_42' title='bbox 175 967 338 1047; x_wconf 87' lang='lat' dir='ltr'>Paulum,</span> <span class='ocrx_word' id='word_1_43' title='bbox 362 979 534 1053; x_wconf 85' lang='lat' dir='ltr'>tamquam</span> <span class='ocrx_word' id='word_1_44' title='bbox 546 963 732 1050; x_wconf 83' lang='lat' dir='ltr'>Religionis</span> <span class='ocrx_word' id='word_1_45' title='bbox 753 964 986 1044; x_wconf 79' lang='lat' dir='ltr'>Christianae,</span> <span class='ocrx_word' id='word_1_46' title='bbox 1010 990 1097 1056; x_wconf 88' lang='lat' dir='ltr'>quae</span> 
     </span>
     <span class='ocr_line' id='line_1_9' title="bbox 60 1074 1095 1176; baseline -0.004 -28"><span class='ocrx_word' id='word_1_47' title='bbox 60 1082 127 1176; x_wconf 85' lang='lat' dir='ltr'>ipsi</span> <span class='ocrx_word' id='word_1_48' title='bbox 142 1103 214 1147; x_wconf 91' lang='lat' dir='ltr'>non</span> <span class='ocrx_word' id='word_1_49' title='bbox 231 1078 332 1144; x_wconf 84' lang='lat' dir='ltr'>firmo</span> <span class='ocrx_word' id='word_1_50' title='bbox 351 1076 576 1145; x_wconf 88' lang='lat' dir='ltr'>fundamento</span> <span class='ocrx_word' id='word_1_51' title='bbox 588 1075 655 1143; x_wconf 90' lang='lat' dir='ltr'>niti</span> <span class='ocrx_word' id='word_1_52' title='bbox 669 1074 872 1162; x_wconf 78' lang='lat' dir='ltr'>ridebatur,</span> <span class='ocrx_word' id='word_1_53' title='bbox 895 1078 1095 1162; x_wconf 87' lang='lat' dir='ltr'>doctorem,</span> 
     </span>
     <span class='ocr_line' id='line_1_10' title="bbox 50 1189 345 1282; baseline -0.017 -20"><span class='ocrx_word' id='word_1_54' title='bbox 50 1214 207 1282; x_wconf 85' lang='lat' dir='ltr'>·ea1·pere</span> <span class='ocrx_word' id='word_1_55' title='bbox 228 1189 345 1257; x_wconf 79' lang='lat' dir='ltr'>voluit.</span> 
     </span>
     <span class='ocr_line' id='line_1_11' title="bbox 53 1302 1098 1397; baseline -0.001 -26"><span class='ocrx_word' id='word_1_56' title='bbox 53 1334 57 1341; x_wconf 65' lang='lat'>¹</span> <span class='ocrx_word' id='word_1_57' title='bbox 105 1308 223 1397; x_wconf 86' lang='lat' dir='ltr'>Atque</span> <span class='ocrx_word' id='word_1_58' title='bbox 232 1302 390 1393; x_wconf 88' lang='lat' dir='ltr'>profecto</span> <span class='ocrx_word' id='word_1_59' title='bbox 402 1303 591 1370; x_wconf 86' lang='lat' dir='ltr'>secundum</span> <span class='ocrx_word' id='word_1_60' title='bbox 603 1303 776 1392; x_wconf 75' lang='lat' dir='ltr'>specimen</span> <span class='ocrx_word' id='word_1_61' title='bbox 786 1305 1000 1396; x_wconf 85' lang='lat' dir='ltr'>eloquentiae</span> <span class='ocrx_word' id='word_1_62' title='bbox 1011 1306 1098 1371; x_wconf 89' lang='lat' dir='ltr'>Pau-</span> 
     </span>
     <span class='ocr_line' id='line_1_12' title="bbox 52 1415 1096 1509; baseline -0.007 -21"><span class='ocrx_word' id='word_1_63' title='bbox 52 1421 174 1497; x_wconf 77' lang='lat' dir='ltr'>linae,</span> <span class='ocrx_word' id='word_1_64' title='bbox 204 1415 298 1509; x_wconf 88' lang='lat' dir='ltr'>quod</span> <span class='ocrx_word' id='word_1_65' title='bbox 328 1418 436 1483; x_wconf 87' lang='lat' dir='ltr'>Lucas</span> <span class='ocrx_word' id='word_1_66' title='bbox 460 1421 496 1482; x_wconf 94' lang='lat' dir='ltr'>in</span> <span class='ocrx_word' id='word_1_67' title='bbox 517 1419 612 1483; x_wconf 90' lang='lat' dir='ltr'>Actis</span> <span class='ocrx_word' id='word_1_68' title='bbox 632 1417 732 1485; x_wconf 89' lang='lat' dir='ltr'>XVII</span> <span class='ocrx_word' id='word_1_69' title='bbox 757 1421 913 1502; x_wconf 85' lang='lat' dir='ltr'>exhibet,</span> <span class='ocrx_word' id='word_1_70' title='bbox 945 1436 980 1484; x_wconf 88' lang='lat' dir='ltr'>et</span> <span class='ocrx_word' id='word_1_71' title='bbox 1001 1416 1096 1509; x_wconf 90' lang='lat' dir='ltr'>quod</span> 
     </span>
     <span class='ocr_line' id='line_1_13' title="bbox 64 1531 1096 1627; baseline -0.004 -27"><span class='ocrx_word' id='word_1_72' title='bbox 64 1535 190 1627; x_wconf 81' lang='lat' dir='ltr'>passim</span> <span class='ocrx_word' id='word_1_73' title='bbox 209 1535 247 1598; x_wconf 87' lang='lat' dir='ltr'>in</span> <span class='ocrx_word' id='word_1_74' title='bbox 267 1533 339 1617; x_wconf 83' lang='lat' dir='ltr'>ejus</span> <span class='ocrx_word' id='word_1_75' title='bbox 358 1531 527 1623; x_wconf 83' lang='lat' dir='ltr'>epistolia,</span> <span class='ocrx_word' id='word_1_76' title='bbox 539 1553 568 1595; x_wconf 88' lang='lat' dir='ltr'>e.</span> <span class='ocrx_word' id='word_1_77' title='bbox 587 1554 618 1615; x_wconf 85' lang='lat' dir='ltr'>g.</span> <span class='ocrx_word' id='word_1_78' title='bbox 644 1551 660 1595; x_wconf 90' lang='lat'>1</span> <span class='ocrx_word' id='word_1_79' title='bbox 679 1531 855 1599; x_wconf 84' lang='lat' dir='ltr'>Cor.XIlI</span> <span class='ocrx_word' id='word_1_80' title='bbox 872 1548 984 1614; x_wconf 88' lang='lat' dir='ltr'>extat,</span> <span class='ocrx_word' id='word_1_81' title='bbox 996 1531 1096 1616; x_wconf 88' lang='lat' dir='ltr'>judi-</span> 
     </span>
     <span class='ocr_line' id='line_1_14' title="bbox 53 1628 1201 1737; baseline -0.004 -21"><span class='ocrx_word' id='word_1_82' title='bbox 53 1667 142 1716; x_wconf 73' lang='lat' dir='ltr'>care</span> <span class='ocrx_word' id='word_1_83' title='bbox 162 1664 339 1736; x_wconf 87' lang='lat' dir='ltr'>possumus</span> <span class='ocrx_word' id='word_1_84' title='bbox 360 1661 486 1737; x_wconf 87' lang='lat' dir='ltr'>quanta</span> <span class='ocrx_word' id='word_1_85' title='bbox 505 1645 539 1712; x_wconf 87' lang='lat' dir='ltr'>vi</span> <span class='ocrx_word' id='word_1_86' title='bbox 558 1661 593 1709; x_wconf 90' lang='lat' dir='ltr'>et</span> <span class='ocrx_word' id='word_1_87' title='bbox 609 1648 783 1733; x_wconf 74' lang='grc' dir='ltr'><strong><em>φρονήματι</em></strong></span> <span class='ocrx_word' id='word_1_88' title='bbox 802 1647 838 1710; x_wconf 88' lang='lat' dir='ltr'>in</span> <span class='ocrx_word' id='word_1_89' title='bbox 860 1644 1018 1712; x_wconf 66' lang='lat' dir='ltr'>dicendo:</span> <span class='ocrx_word' id='word_1_90' title='bbox 1032 1668 1098 1711; x_wconf 83' lang='lat' dir='ltr'>ex·</span> <span class='ocrx_word' id='word_1_91' title='bbox 1199 1628 1201 1633; x_wconf 31' lang='lat'><em>&#39;</em></span> 
     </span>
     <span class='ocr_line' id='line_1_15' title="bbox 63 1757 1098 1850; baseline -0.007 -20"><span class='ocrx_word' id='word_1_92' title='bbox 63 1761 241 1842; x_wconf 68' lang='lat' dir='ltr'>(adiuerit,</span> <span class='ocrx_word' id='word_1_93' title='bbox 277 1785 380 1850; x_wconf 88' lang='lat' dir='ltr'>quam</span> <span class='ocrx_word' id='word_1_94' title='bbox 406 1758 548 1824; x_wconf 88' lang='lat' dir='ltr'>idoneus</span> <span class='ocrx_word' id='word_1_95' title='bbox 571 1758 616 1823; x_wconf 89' lang='lat' dir='ltr'>ad</span> <span class='ocrx_word' id='word_1_96' title='bbox 649 1757 1098 1848; x_wconf 85' lang='lat' dir='ltr'>orationes&#39;componcndas</span> 
     </span>
     <span class='ocr_line' id='line_1_16' title="bbox 53 1870 1100 1963; baseline -0.007 -19"><span class='ocrx_word' id='word_1_97' title='bbox 53 1877 188 1950; x_wconf 66' lang='lat' dir='ltr'>¹sueritr</span> <span class='ocrx_word' id='word_1_98' title='bbox 205 1890 239 1941; x_wconf 89' lang='lat' dir='ltr'>et</span> <span class='ocrx_word' id='word_1_99' title='bbox 262 1871 403 1963; x_wconf 87' lang='lat' dir='ltr'>quidem</span> <span class='ocrx_word' id='word_1_100' title='bbox 420 1870 587 1959; x_wconf 90' lang='lat' dir='ltr'>ejusmodi</span> <span class='ocrx_word' id='word_1_101' title='bbox 601 1919 610 1954; x_wconf 93' lang='lat'>‚</span> <span class='ocrx_word' id='word_1_102' title='bbox 623 1888 662 1937; x_wconf 91' lang='lat' dir='ltr'>ut</span> <span class='ocrx_word' id='word_1_103' title='bbox 675 1871 797 1938; x_wconf 87' lang='lat' dir='ltr'>Paulus</span> <span class='ocrx_word' id='word_1_104' title='bbox 816 1901 836 1940; x_wconf 84' lang='lat' dir='ltr'>a</span> <span class='ocrx_word' id='word_1_105' title='bbox 853 1874 1009 1957; x_wconf 87' lang='lat' dir='ltr'>Longino</span> <span class='ocrx_word' id='word_1_106' title='bbox 1025 1871 1100 1939; x_wconf 89' lang='lat' dir='ltr'>ola-</span> 
     </span>
     <span class='ocr_line' id='line_1_17' title="bbox 61 1986 994 2075; baseline -0.004 -17"><span class='ocrx_word' id='word_1_107' title='bbox 61 1993 111 2060; x_wconf 80' lang='lat' dir='ltr'>ris</span> <span class='ocrx_word' id='word_1_108' title='bbox 135 1989 326 2057; x_wconf 88' lang='lat' dir='ltr'>oratoribus</span> <span class='ocrx_word' id='word_1_109' title='bbox 349 1986 509 2053; x_wconf 81' lang='lat' dir='ltr'>Graeciae</span> <span class='ocrx_word' id='word_1_110' title='bbox 530 1987 749 2050; x_wconf 89' lang='lat' dir='ltr'>annumerari</span> <span class='ocrx_word' id='word_1_111' title='bbox 773 1990 929 2075; x_wconf 85' lang='lat' dir='ltr'>posset(</span> <span class='ocrx_word' id='word_1_112' title='bbox 965 1987 994 2070; x_wconf 87' lang='lat'>).</span> 
     </span>
     <span class='ocr_line' id='line_1_18' title="bbox 108 2099 1096 2192; baseline -0.008 -19"><span class='ocrx_word' id='word_1_113' title='bbox 108 2109 200 2173; x_wconf 87' lang='lat' dir='ltr'>llaec</span> <span class='ocrx_word' id='word_1_114' title='bbox 218 2103 263 2168; x_wconf 89' lang='lat' dir='ltr'>de</span> <span class='ocrx_word' id='word_1_115' title='bbox 283 2099 443 2168; x_wconf 84' lang='lat' dir='ltr'>Paulinae</span> <span class='ocrx_word' id='word_1_116' title='bbox 459 2099 676 2190; x_wconf 84' lang='lat' dir='ltr'>eloquentiae</span> <span class='ocrx_word' id='word_1_117' title='bbox 692 2101 726 2167; x_wconf 86' lang='lat' dir='ltr'>ri</span> <span class='ocrx_word' id='word_1_118' title='bbox 746 2118 781 2166; x_wconf 89' lang='lat' dir='ltr'>et</span> <span class='ocrx_word' id='word_1_119' title='bbox 799 2102 995 2168; x_wconf 82' lang='lat' dir='ltr'>celebritate</span> <span class='ocrx_word' id='word_1_120' title='bbox 1014 2101 1096 2192; x_wconf 93' lang='lat' dir='ltr'>opi-</span> 
     </span>
     <span class='ocr_line' id='line_1_19' title="bbox 47 2212 1098 2310; baseline -0.008 -22"><span class='ocrx_word' id='word_1_121' title='bbox 47 2224 123 2288; x_wconf 88' lang='lat' dir='ltr'>·nio</span> <span class='ocrx_word' id='word_1_122' title='bbox 135 2235 328 2310; x_wconf 82' lang='lat' dir='ltr'>repugnare</span> <span class='ocrx_word' id='word_1_123' title='bbox 346 2212 486 2303; x_wconf 87' lang='lat' dir='ltr'>quidem</span> <span class='ocrx_word' id='word_1_124' title='bbox 506 2214 642 2281; x_wconf 86' lang='lat' dir='ltr'>videtur</span> <span class='ocrx_word' id='word_1_125' title='bbox 655 2214 731 2280; x_wconf 91' lang='lat' dir='ltr'>loco</span> <span class='ocrx_word' id='word_1_126' title='bbox 751 2215 864 2283; x_wconf 74' lang='lat' dir='ltr'>sCor.</span> <span class='ocrx_word' id='word_1_127' title='bbox 886 2217 957 2299; x_wconf 94' lang='lat' dir='ltr'>Xl,</span> <span class='ocrx_word' id='word_1_128' title='bbox 973 2221 1013 2294; x_wconf 82' lang='lat'>6,</span> <span class='ocrx_word' id='word_1_129' title='bbox 1036 2217 1098 2281; x_wconf 92' lang='lat' dir='ltr'>ubi</span> 
     </span>
     <span class='ocr_line' id='line_1_20' title="bbox 45 2330 1143 2418; baseline -0.006 -15"><span class='ocrx_word' id='word_1_130' title='bbox 45 2330 189 2403; x_wconf 57' lang='lat' dir='ltr'>emtus</span> <span class='ocrx_word' id='word_1_131' title='bbox 209 2355 244 2397; x_wconf 89' lang='lat' dir='ltr'>se</span> <span class='ocrx_word' id='word_1_132' title='bbox 263 2331 376 2418; x_wconf 85' lang='lat' dir='ltr'>ipsum</span> <span class='ocrx_word' id='word_1_133' title='bbox 403 2330 499 2393; x_wconf 87' lang='lat' dir='ltr'>vocat</span> <span class='ocrx_word' id='word_1_134' title='bbox 520 2333 637 2408; x_wconf 73' lang='grc' dir='ltr'>ἰδιώτην</span> <span class='ocrx_word' id='word_1_135' title='bbox 655 2333 698 2416; x_wconf 79' lang='grc' dir='ltr'>τῷ</span> <span class='ocrx_word' id='word_1_136' title='bbox 718 2331 813 2416; x_wconf 63' lang='lat' dir='ltr'>tire»</span> <span class='ocrx_word' id='word_1_137' title='bbox 857 2332 926 2399; x_wconf 87' lang='lat' dir='ltr'>Sed</span> <span class='ocrx_word' id='word_1_138' title='bbox 949 2331 1102 2399; x_wconf 83' lang='lat' dir='ltr'>diversae</span> <span class='ocrx_word' id='word_1_139' title='bbox 1142 2368 1143 2371; x_wconf 16' lang='grc' dir='ltr'><strong>κ</strong></span> 
     </span>
     <span class='ocr_line' id='line_1_21' title="bbox 48 2439 1102 2532; baseline 0.005 -23"><span class='ocrx_word' id='word_1_140' title='bbox 48 2466 148 2518; x_wconf 70' lang='lat' dir='ltr'>,sunt</span> <span class='ocrx_word' id='word_1_141' title='bbox 167 2446 212 2512; x_wconf 91' lang='lat' dir='ltr'>de</span> <span class='ocrx_word' id='word_1_142' title='bbox 233 2445 285 2509; x_wconf 87' lang='lat' dir='ltr'>his</span> <span class='ocrx_word' id='word_1_143' title='bbox 303 2442 414 2509; x_wconf 84' lang='lat' dir='ltr'>verbis</span> <span class='ocrx_word' id='word_1_144' title='bbox 426 2439 639 2529; x_wconf 80' lang='lat' dir='ltr'>explicandis</span> <span class='ocrx_word' id='word_1_145' title='bbox 659 2443 884 2532; x_wconf 84' lang='lat' dir='ltr'>interpretum</span> <span class='ocrx_word' id='word_1_146' title='bbox 903 2448 1102 2514; x_wconf 82' lang='lat' dir='ltr'>sententiae.</span> 
     </span>
     <span class='ocr_line' id='line_1_22' title="bbox 48 2552 1104 2642; baseline -0.008 -11"><span class='ocrx_word' id='word_1_147' title='bbox 48 2566 158 2632; x_wconf 87' lang='lat' dir='ltr'>·Sunt</span> <span class='ocrx_word' id='word_1_148' title='bbox 174 2552 292 2640; x_wconf 82' lang='lat' dir='ltr'>enim,</span> <span class='ocrx_word' id='word_1_149' title='bbox 316 2571 356 2620; x_wconf 91' lang='lat' dir='ltr'>ut</span> <span class='ocrx_word' id='word_1_150' title='bbox 375 2557 445 2641; x_wconf 92' lang='lat' dir='ltr'>jam</span> <span class='ocrx_word' id='word_1_151' title='bbox 464 2578 567 2642; x_wconf 87' lang='lat' dir='ltr'>supra</span> <span class='ocrx_word' id='word_1_152' title='bbox 588 2555 625 2620; x_wconf 91' lang='lat' dir='ltr'>iu</span> <span class='ocrx_word' id='word_1_153' title='bbox 646 2557 836 2623; x_wconf 85' lang='lat' dir='ltr'>Prodromo</span> <span class='ocrx_word' id='word_1_154' title='bbox 857 2574 1009 2623; x_wconf 86' lang='lat' dir='ltr'>notatum</span> <span class='ocrx_word' id='word_1_155' title='bbox 1029 2575 1104 2639; x_wconf 91' lang='lat' dir='ltr'>est,</span> 
     </span>
     <span class='ocr_line' id='line_1_23' title="bbox 49 2667 1099 2769; baseline -0.008 -26"><span class='ocrx_word' id='word_1_156' title='bbox 49 2677 131 2769; x_wconf 81' lang='lat' dir='ltr'>&#39;qul</span> <span class='ocrx_word' id='word_1_157' title='bbox 153 2670 368 2752; x_wconf 79' lang='lat' dir='ltr'>existiment,</span> <span class='ocrx_word' id='word_1_158' title='bbox 392 2667 533 2734; x_wconf 89' lang='lat' dir='ltr'>Paulum</span> <span class='ocrx_word' id='word_1_159' title='bbox 549 2691 584 2734; x_wconf 86' lang='lat' dir='ltr'>se</span> <span class='ocrx_word' id='word_1_160' title='bbox 605 2672 782 2739; x_wconf 80' lang='lat' dir='ltr'>nominare</span> <span class='ocrx_word' id='word_1_161' title='bbox 803 2678 919 2752; x_wconf 72' lang='grc' dir='ltr'>ἰδιώτην</span> <span class='ocrx_word' id='word_1_162' title='bbox 937 2679 979 2756; x_wconf 72' lang='grc' dir='ltr'>τῷ</span> <span class='ocrx_word' id='word_1_163' title='bbox 996 2676 1099 2759; x_wconf 72' lang='grc' dir='ltr'><em>λόγῳ,</em></span> 
     </span>
     <span class='ocr_line' id='line_1_24' title="bbox 65 2781 1105 2876; baseline -0.005 -16"><span class='ocrx_word' id='word_1_164' title='bbox 65 2816 141 2859; x_wconf 89' lang='lat' dir='ltr'>non</span> <span class='ocrx_word' id='word_1_165' title='bbox 173 2801 340 2876; x_wconf 86' lang='lat' dir='ltr'>quatenus</span> <span class='ocrx_word' id='word_1_166' title='bbox 366 2781 574 2848; x_wconf 85' lang='lat' dir='ltr'>dexteritatis</span> <span class='ocrx_word' id='word_1_167' title='bbox 596 2784 633 2847; x_wconf 95' lang='lat' dir='ltr'>in</span> <span class='ocrx_word' id='word_1_168' title='bbox 659 2783 808 2851; x_wconf 89' lang='lat' dir='ltr'>dicendo</span> <span class='ocrx_word' id='word_1_169' title='bbox 835 2786 941 2853; x_wconf 88' lang='lat' dir='ltr'>fuerit</span> <span class='ocrx_word' id='word_1_170' title='bbox 979 2789 1105 2874; x_wconf 91' lang='lat' dir='ltr'>(unica</span> 
     </span>
    </p>
   </div>
   <div class='ocr_carea' id='block_1_3' title="bbox 65 2895 1205 2988">
    <p class='ocr_par' dir='ltr' id='par_1_3' title="bbox 65 2895 1205 2988">
     <span class='ocr_line' id='line_1_25' title="bbox 65 2895 1205 2988; baseline -0.007 -16"><span class='ocrx_word' id='word_1_171' title='bbox 65 2907 163 2972; x_wconf 86' lang='lat' dir='ltr'>enim</span> <span class='ocrx_word' id='word_1_172' title='bbox 184 2921 297 2964; x_wconf 85' lang='lat' dir='ltr'>coram</span> <span class='ocrx_word' id='word_1_173' title='bbox 327 2895 595 2962; x_wconf 85' lang='lat' dir='ltr'>Atheniensibus</span> <span class='ocrx_word' id='word_1_174' title='bbox 624 2898 661 2962; x_wconf 89' lang='lat' dir='ltr'>in</span> <span class='ocrx_word' id='word_1_175' title='bbox 689 2901 868 2988; x_wconf 86' lang='lat' dir='ltr'>Areopago</span> <span class='ocrx_word' id='word_1_176' title='bbox 894 2900 1106 2969; x_wconf 82' lang='lat' dir='ltr'>oratiuncula</span> <span class='ocrx_word' id='word_1_177' title='bbox 1203 2960 1205 2964; x_wconf 81' lang='grc'>,</span> 
     </span>
    </p>
   </div>
   <div class='ocr_carea' id='block_1_4' title="bbox 57 3002 1106 3225">
    <p class='ocr_par' dir='ltr' id='par_1_4' title="bbox 57 3002 1106 3225">
     <span class='ocr_line' id='line_1_26' title="bbox 64 3002 1106 3102; baseline -0.004 -16"><span class='ocrx_word' id='word_1_178' title='bbox 64 3016 188 3087; x_wconf 85' lang='lat' dir='ltr'>habita</span> <span class='ocrx_word' id='word_1_179' title='bbox 205 3009 420 3078; x_wconf 84' lang='lat' dir='ltr'>&#39;contrarium</span> <span class='ocrx_word' id='word_1_180' title='bbox 452 3007 634 3092; x_wconf 87' lang='lat' dir='ltr'>doceret),</span> <span class='ocrx_word' id='word_1_181' title='bbox 671 3012 730 3077; x_wconf 84' lang='lat' dir='ltr'>sed</span> <span class='ocrx_word' id='word_1_182' title='bbox 760 3030 925 3102; x_wconf 86' lang='lat' dir='ltr'>quatenus</span> <span class='ocrx_word' id='word_1_183' title='bbox 951 3002 1106 3084; x_wconf 46' lang='lat' dir='ltr'>&#39;tenuiter</span> 
     </span>
     <span class='ocr_line' id='line_1_27' title="bbox 57 3114 1103 3225; baseline 0.002 -28"><span class='ocrx_word' id='word_1_184' title='bbox 57 3114 366 3225; x_wconf 38' lang='lat' dir='ltr'>&#39;pronuntiaverim</span> <span class='ocrx_word' id='word_1_185' title='bbox 381 3124 511 3192; x_wconf 84' lang='lat' dir='ltr'>actione</span> <span class='ocrx_word' id='word_1_186' title='bbox 524 3123 611 3190; x_wconf 89' lang='lat' dir='ltr'>benc</span> <span class='ocrx_word' id='word_1_187' title='bbox 625 3131 809 3214; x_wconf 87' lang='lat' dir='ltr'>composita</span> <span class='ocrx_word' id='word_1_188' title='bbox 827 3134 995 3210; x_wconf 86' lang='lat' dir='ltr'>caruerit,</span> <span class='ocrx_word' id='word_1_189' title='bbox 1014 3144 1103 3223; x_wconf 62' lang='lat' dir='ltr'>(gua-</span> 
     </span>
    </p>
   </div>
   <div class='ocr_carea' id='block_1_5' title="bbox 92 3290 285 3307">
    <p class='ocr_par' dir='ltr' id='par_1_5' title="bbox 92 3290 285 3307">
     <span class='ocr_line' id='line_1_28' title="bbox 92 3290 285 3307; baseline -0.021 0"><span class='ocrx_word' id='word_1_190' title='bbox 92 3290 285 3307; x_wconf 63' lang='lat' dir='ltr'>utu—¹V!</span> 
     </span>
    </p>
   </div>
   <div class='ocr_carea' id='block_1_6' title="bbox 36 3394 1107 3906">
    <p class='ocr_par' dir='ltr' id='par_1_6' title="bbox 55 3394 1107 3575">
     <span class='ocr_line' id='line_1_29' title="bbox 55 3394 1107 3485; baseline 0.005 -20"><span class='ocrx_word' id='word_1_191' title='bbox 55 3394 212 3483; x_wconf 50' lang='lat' dir='ltr'>aonidae,</span> <span class='ocrx_word' id='word_1_192' title='bbox 228 3411 272 3465; x_wconf 85' lang='lat' dir='ltr'>sed</span> <span class='ocrx_word' id='word_1_193' title='bbox 287 3411 385 3479; x_wconf 79' lang='lat' dir='ltr'>ingenti</span> <span class='ocrx_word' id='word_1_194' title='bbox 394 3400 499 3482; x_wconf 87' lang='lat' dir='ltr'>animo,</span> <span class='ocrx_word' id='word_1_195' title='bbox 515 3422 592 3484; x_wconf 86' lang='lat' dir='ltr'>prout</span> <span class='ocrx_word' id='word_1_196' title='bbox 607 3398 717 3484; x_wconf 79' lang='lat' dir='ltr'>impetus</span> <span class='ocrx_word' id='word_1_197' title='bbox 732 3411 811 3484; x_wconf 88' lang='lat' dir='ltr'>tulit,</span> <span class='ocrx_word' id='word_1_198' title='bbox 827 3431 868 3468; x_wconf 82' lang='lat' dir='ltr'>rer</span> <span class='ocrx_word' id='word_1_199' title='bbox 880 3431 1107 3485; x_wconf 81' lang='lat' dir='ltr'>auasperseqnen-</span> 
     </span>
     <span class='ocr_line' id='line_1_30' title="bbox 68 3490 530 3575; baseline -0.006 -18"><span class='ocrx_word' id='word_1_200' title='bbox 68 3503 114 3557; x_wconf 79' lang='lat' dir='ltr'>tia.</span> <span class='ocrx_word' id='word_1_201' title='bbox 150 3497 246 3553; x_wconf 83' lang='lat' dir='ltr'>Seneca</span> <span class='ocrx_word' id='word_1_202' title='bbox 264 3490 295 3552; x_wconf 86' lang='lat' dir='ltr'>de</span> <span class='ocrx_word' id='word_1_203' title='bbox 312 3497 488 3575; x_wconf 53' lang='lat' dir='ltr'>Roucilli,</span> <span class='ocrx_word' id='word_1_204' title='bbox 505 3502 530 3555; x_wconf 87' lang='lat'>8.</span> 
     </span>
    </p>

    <p class='ocr_par' dir='ltr' id='par_1_7' title="bbox 36 3569 1105 3906">
     <span class='ocr_line' id='line_1_31' title="bbox 106 3569 1103 3663; baseline 0.005 -24"><span class='ocrx_word' id='word_1_205' title='bbox 106 3585 164 3659; x_wconf 82' lang='lat'>(9)</span> <span class='ocrx_word' id='word_1_206' title='bbox 189 3585 297 3641; x_wconf 77' lang='lat' dir='ltr'>Graecis</span> <span class='ocrx_word' id='word_1_207' title='bbox 314 3586 461 3663; x_wconf 80' lang='lat' dir='ltr'>oratoribus</span> <span class='ocrx_word' id='word_1_208' title='bbox 477 3587 504 3639; x_wconf 92' lang='lat' dir='ltr'>in</span> <span class='ocrx_word' id='word_1_209' title='bbox 523 3592 570 3639; x_wconf 87' lang='lat' dir='ltr'>usu</span> <span class='ocrx_word' id='word_1_210' title='bbox 590 3585 684 3650; x_wconf 79' lang='lat' dir='ltr'>fuisse,</span> <span class='ocrx_word' id='word_1_211' title='bbox 707 3595 757 3642; x_wconf 86' lang='lat' dir='ltr'>non</span> <span class='ocrx_word' id='word_1_212' title='bbox 777 3587 859 3642; x_wconf 85' lang='lat' dir='ltr'>solum</span> <span class='ocrx_word' id='word_1_213' title='bbox 877 3587 909 3640; x_wconf 84' lang='lat' dir='ltr'>de</span> <span class='ocrx_word' id='word_1_214' title='bbox 925 3587 1000 3641; x_wconf 84' lang='lat' dir='ltr'>rebus</span> <span class='ocrx_word' id='word_1_215' title='bbox 1015 3569 1103 3644; x_wconf 83' lang='lat' dir='ltr'>cirili-</span> 
     </span>
     <span class='ocr_line' id='line_1_32' title="bbox 36 3663 1105 3751; baseline 0.001 -22"><span class='ocrx_word' id='word_1_216' title='bbox 36 3730 40 3736; x_wconf 68' lang='lat'>,</span> <span class='ocrx_word' id='word_1_217' title='bbox 57 3663 134 3751; x_wconf 83' lang='lat' dir='ltr'>¹bns,</span> <span class='ocrx_word' id='word_1_218' title='bbox 152 3671 197 3725; x_wconf 84' lang='lat' dir='ltr'>red</span> <span class='ocrx_word' id='word_1_219' title='bbox 213 3673 293 3725; x_wconf 83' lang='lat' dir='ltr'>etiam</span> <span class='ocrx_word' id='word_1_220' title='bbox 308 3670 340 3725; x_wconf 89' lang='lat' dir='ltr'>de</span> <span class='ocrx_word' id='word_1_221' title='bbox 355 3672 431 3726; x_wconf 80' lang='lat' dir='ltr'>rebus</span> <span class='ocrx_word' id='word_1_222' title='bbox 449 3673 528 3727; x_wconf 80' lang='lat' dir='ltr'>sacris</span> <span class='ocrx_word' id='word_1_223' title='bbox 541 3674 671 3730; x_wconf 84' lang='lat' dir='ltr'>orationes</span> <span class='ocrx_word' id='word_1_224' title='bbox 685 3680 855 3746; x_wconf 79' lang='lat' dir='ltr'>componere,</span> <span class='ocrx_word' id='word_1_225' title='bbox 873 3685 983 3728; x_wconf 78' lang='lat' dir='ltr'>testatur</span> <span class='ocrx_word' id='word_1_226' title='bbox 998 3676 1105 3730; x_wconf 86' lang='lat' dir='ltr'>Plutar-</span> 
     </span>
     <span class='ocr_line' id='line_1_33' title="bbox 67 3760 1103 3832; baseline 0.003 -16"><span class='ocrx_word' id='word_1_227' title='bbox 67 3764 133 3817; x_wconf 84' lang='lat' dir='ltr'>chus</span> <span class='ocrx_word' id='word_1_228' title='bbox 143 3761 172 3813; x_wconf 90' lang='lat' dir='ltr'>in</span> <span class='ocrx_word' id='word_1_229' title='bbox 181 3760 242 3813; x_wconf 82' lang='lat' dir='ltr'>Vita</span> <span class='ocrx_word' id='word_1_230' title='bbox 252 3760 339 3815; x_wconf 84' lang='lat' dir='ltr'>decem</span> <span class='ocrx_word' id='word_1_231' title='bbox 352 3761 489 3816; x_wconf 82' lang='lat' dir='ltr'>Oratorem</span> <span class='ocrx_word' id='word_1_232' title='bbox 507 3761 643 3815; x_wconf 80' lang='lat' dir='ltr'>Graeciae.</span> <span class='ocrx_word' id='word_1_233' title='bbox 663 3763 691 3815; x_wconf 91' lang='lat' dir='ltr'>ln</span> <span class='ocrx_word' id='word_1_234' title='bbox 708 3762 767 3816; x_wconf 81' lang='lat' dir='ltr'>via</span> <span class='ocrx_word' id='word_1_235' title='bbox 782 3763 891 3832; x_wconf 70' lang='lat' dir='ltr'>Lycurgi</span> <span class='ocrx_word' id='word_1_236' title='bbox 906 3761 984 3817; x_wconf 87' lang='lat' dir='ltr'>dicit:</span> <span class='ocrx_word' id='word_1_237' title='bbox 1004 3786 1015 3817; x_wconf 79' lang='lat' dir='ltr'>o</span> <span class='ocrx_word' id='word_1_238' title='bbox 1031 3763 1103 3819; x_wconf 80' lang='lat' dir='ltr'>Mul-</span> 
     </span>
     <span class='ocr_line' id='line_1_34' title="bbox 68 3835 754 3906; baseline -0.006 0"><span class='ocrx_word' id='word_1_239' title='bbox 68 3848 209 3906; x_wconf 70' lang='lat' dir='ltr'>teretium</span> <span class='ocrx_word' id='word_1_240' title='bbox 226 3846 258 3901; x_wconf 85' lang='lat' dir='ltr'>de</span> <span class='ocrx_word' id='word_1_241' title='bbox 275 3835 350 3902; x_wconf 83' lang='lat' dir='ltr'>rehus</span> <span class='ocrx_word' id='word_1_242' title='bbox 368 3849 447 3901; x_wconf 83' lang='lat' dir='ltr'>sacris</span> <span class='ocrx_word' id='word_1_243' title='bbox 464 3847 555 3901; x_wconf 85' lang='lat' dir='ltr'>hahuit</span> <span class='ocrx_word' id='word_1_244' title='bbox 572 3838 754 3906; x_wconf 27' lang='lat' dir='ltr'>orationetss’*</span> 
     </span>
    </p>
   </div>
   <div class='ocr_carea' id='block_1_7' title="bbox 812 3949 843 3999">
    <p class='ocr_par' dir='ltr' id='par_1_8' title="bbox 812 3949 843 3999">
     <span class='ocr_line' id='line_1_35' title="bbox 812 3949 843 3999; baseline 0.032 -1"><span class='ocrx_word' id='word_1_245' title='bbox 812 3949 843 3999; x_wconf 86' lang='grc'>11</span> 
     </span>
    </p>
   </div>
   <div class='ocr_carea' id='block_1_8' title="bbox 0 0 1315 4740">
    <p class='ocr_par' dir='ltr' id='par_1_9' title="bbox 0 0 1315 4740">
     <span class='ocr_line' id='line_1_36' title="bbox 0 0 1315 4740; baseline 0 0"><span class='ocrx_word' id='word_1_246' title='bbox 0 0 1315 4740; x_wconf 95' lang='lat' dir='ltr'> </span> 
     </span>
    </p>
   </div>
  </div>
 </body>
</html>
