2604 4740
554 368 732 456 (aab)

166 554 245 624 Siue
268 573 351 619 vero
372 551 461 619 hanc
483 552 553 618 sive
573 550 667 620 illam
691 549 956 640 explicationem
978 547 1082 632 brrjus
1099 546 1165 616 loci

122 664 294 755 sequaris,
316 662 383 729 boc
403 679 538 747 manet,
560 665 599 730 in
618 685 680 728 usu
699 677 771 727 tum
789 663 953 748 temporis
972 659 1078 727 luisse
1100 663 1167 728 llo·

123 803 216 859 mae,
242 796 279 845 ut
305 775 425 843 summi
450 771 666 860 magistratus
685 787 721 842 et
738 795 899 865 proceres
919 773 1056 861 imperii
1073 778 1165 855 ἠγού·

72 985 79 996 ι
123 921 207 976 μενοι
232 889 500 985 appellarentur.
545 884 667 953 Paulus
690 870 770 971 ergo
796 885 921 950 Romae
953 909 1164 956 commorans

123 1023 158 1070 et
183 1005 353 1082 scribens,
382 1026 513 1071 morem
538 1004 771 1070 Romanorum
800 1001 973 1092 imitatus,
998 1001 1165 1068 antistites

124 1132 283 1182 coetuum
307 1114 583 1181 Christianorum
596 1112 730 1182 vocavit
752 1113 950 1196 ἡγουμένους.

168 1231 201 1298 4.
228 1230 302 1296 Nec
323 1249 395 1295 nou
416 1231 444 1299 oi
467 1232 533 1299 dal
550 1236 608 1306 ris
625 1226 789 1308 Ἰταλίας,
812 1245 863 1290 vs.
882 1226 947 1309 24,
968 1225 1164 1315 expeditio·

125 1365 198 1410 rem
212 1341 532 1432 interpretationem
548 1339 758 1422 admittunt,
778 1338 806 1405 si
817 1339 997 1430 ponimus,
1016 1353 1166 1406 nostram

126 1453 307 1549 epistolant
326 1455 390 1522 sub
415 1455 469 1524 vel
489 1469 570 1546 port
586 1452 693 1519 finem
706 1452 841 1520 biennii
860 1451 1006 1520 Romani
1029 1452 1165 1526 aPeulo

125 1574 253 1640 Romae
275 1569 440 1660 scriptam
470 1589 554 1638 esse.
606 1564 841 1634 Periculosum
869 1566 963 1634 enim
988 1567 1068 1653 ‘jam
1100 1584 1167 1635 tum

127 1688 254 1754 Romae
274 1704 347 1749 esse
372 1680 506 1771 coepit,
529 1678 767 1750 Christianum
786 1684 871 1748 esse·
923 1679 1057 1748 Incidit
1079 1676 1165 1749 scri·

128 1802 205 1892 ptio
225 1794 390 1887 epistolae
410 1811 546 1863 nostrae
565 1792 603 1862 in
625 1792 713 1862 illud
736 1793 810 1862 iere
829 1808 985 1885 tempus,
1020 1820 1092 1890 quo
1111 1795 1165 1863 iu·
1187 1848 1191 1853 .

128 1912 220 1985 sidia
250 1913 376 1980 Romae
402 1911 497 1995 jussu
519 1908 685 1988 Neronis,
714 1923 754 1975 nt
774 1910 985 1998 putabatur,
1017 1910 1169 1979 incensae

129 2029 168 2098 iu
198 2027 411 2096 Christianos
448 2023 617 2090 Romanos
647 2022 902 2093 devolvebatur.
962 2024 1170 2115 Principium

129 2144 233 2229 hujus
254 2135 430 2218 incendii,
461 2151 547 2202 teste
573 2136 730 2204 Tacito
753 2137 891 2205 Annal.
916 2138 1002 2221 XV,
1025 2143 1091 2224 55,
1112 2141 1170 2216 41.

131 2261 167 2325 in
184 2257 276 2322 diem
292 2252 377 2321 XIV
392 2247 539 2315 Caleud.
559 2247 678 2316 Sextii.
692 2250 774 2317 anni
787 2277 823 2344 p.
846 2253 889 2320 U.
908 2253 949 2320 C.
969 2255 1044 2345 817.
1065 2255 1108 2323 C.
1119 2257 1174 2324 Le·

134 2371 232 2439 osuio
252 2385 287 2435 et
306 2365 357 2432 Μ.
374 2363 509 2431 Licinio
530 2362 724 2432 consulibus
746 2365 889 2451 incidit,
912 2369 974 2460 qui
997 2392 1111 2436 annus
1128 2383 1174 2436 est

133 2511 171 2579 p.
195 2483 281 2548 Chr.
304 2504 341 2545 n·
366 2478 421 2548 64.
474 2473 663 2543 Tacitus
695 2480 836 2549 Annol.
867 2481 958 2561 XV,
980 2485 1046 2568 44,
1079 2501 1173 2574 post·

74 2688 77 2695 Δ
134 2618 240 2686 quam
270 2591 384 2656 dirum
407 2590 474 2659 hoc
498 2606 534 2658 ct
561 2589 775 2660 horrendum
799 2594 1016 2677 incendium,
1033 2623 1099 2688 par
1121 2621 1176 2665 sar

136 2709 317 2779 continuos
335 2704 408 2773 dies
426 2704 556 2773 durans
575 2725 611 2774 et
627 2705 706 2800 plus
725 2733 827 2800 quam
850 2709 1024 2780 dimidiam
1043 2733 1184 2803 partam.

43 2874 45 2879 s
136 2824 235 2892 urbis
259 2842 481 2896 consumens,
503 2817 752 2914 descripserat,
776 2823 860 2892 haec
889 2841 1028 2893 narrat:
1068 2827 1188 2903 «Non,

137 2963 201 3033 ope
225 2937 399 3011 humana,
413 2964 416 2968 ⁴
431 2955 503 3000 nou
528 2932 765 3021 largitionibus
794 2936 965 3027 principis
996 2938 1051 3008 vel
1069 2943 1178 3010 Deum

135 3047 358 3146 placamentis
384 3045 576 3135 decedebat
595 3047 768 3125 infamia„
784 3051 871 3139 quin
890 3055 1026 3139 jussum
1051 3053 1180 3123 maan·

136 3165 234 3234 dium
255 3162 466 3231 crederetur.
508 3161 602 3249 Ergo
626 3161 799 3231 abolendo
827 3168 956 3234 rumori
979 3168 1073 3236 Nero
1092 3149 1188 3238 aab?

139 3279 229 3376 didit
255 3297 333 3344 reos
355 3291 397 3375 ‘et
423 3274 675 3366 quaesitissimis
697 3280 817 3365 poenis
838 3279 969 3358 affecit.
1004 3302 1092 3373 quos
1118 3306 1182 3373 per

139 3392 267 3484 flagitia
284 3390 410 3458 invisos
439 3389 557 3478 vulgus
585 3390 795 3459 Christianos
815 3392 1022 3484 appellabat.
1050 3397 1183 3464 Auctor

139 3493 381 3590 nominisejus
401 3505 586 3588 Christus,
622 3507 682 3594 qui
702 3505 847 3574 Tiberio
875 3509 1096 3598 imperitante
1120 3518 1193 3602 per

139 3638 400 3713 procuratorem
417 3618 578 3688 Pontium
591 3618 736 3687 Pilatum
749 3620 924 3710 supplicio
940 3622 1084 3693 affectus
1098 3643 1193 3694 erau-

141 3737 377 3825 Repressaque
399 3733 436 3799 iu
455 3756 618 3825 praesens
638 3733 821 3801 exitiabilis
850 3736 1048 3828 superstitio
1066 3764 1187 3810 rursus

144 3848 348 3936 erumpebat
376 3871 446 3914 uon
474 3846 578 3914 modo
608 3872 671 3935 per
700 3846 863 3918 Judaeum
890 3853 1055 3940 originem
1083 3855 1187 3942 hujus

143 3962 245 4047 mali,
268 3963 327 4030 setl
341 3987 405 4054 per
422 3962 541 4052 urbem
559 3963 681 4054 etiam,
706 3987 775 4052 quo
789 3983 911 4032 cuncta
925 3966 1080 4060 undique
1096 3942 1190 4044 atross
