2604 4740
486 239 765 348 (mr

56 423 190 512 mercio
210 421 361 513 quodam
395 420 548 497 literario
577 422 702 488 horum
725 418 985 494 duumvirorum
1007 430 1100 500 exti-

57 539 153 605 tisse.
198 536 272 604 Nisi
296 536 388 603 enim
409 537 493 603 haec
513 535 601 600 fama
624 530 933 627 Christianosptum
959 521 1101 628 tempo-

59 653 107 718 ris
129 667 313 740 pervagata
334 664 441 728 esset,
465 648 722 713 consarcinator
736 646 966 734 epistolarum
987 674 1103 741 neque

58 762 96 839 in
134 762 288 839 animum
320 760 508 839 inducere,
543 776 582 824 ut
611 759 692 826 istos
727 752 890 845 fingeret,
928 786 1040 851 neque
1075 762 1105 830 si

60 875 230 977 fingeret,
254 876 321 940 suis
350 871 519 958 figmentis
543 869 615 937 ullo
640 873 743 938 modo
765 872 871 937 fidem
893 859 1005 939 sacefrc
1028 898 1099 961 po·

61 988 198 1071 ruisset,
223 1010 325 1078 quam
348 1002 485 1064 tamen,
508 982 652 1052 historia
674 985 903 1055 ecclesiastica
930 984 1100 1068 docente,

61 1116 182 1189 nactus
199 1117 272 1189 pest.
319 1096 421 1164 Unde
449 1119 529 1164 vero
552 1094 638 1162 haec
660 1096 749 1162 fama
769 1099 863 1162 inter
887 1095 1101 1164 Christianos

62 1224 133 1274 orta
154 1213 237 1278 est?
279 1209 375 1278 Nihil
406 1205 572 1302 impedit,
596 1208 806 1302 quominus
835 1232 874 1274 re
900 1229 979 1272 vera
1000 1209 1099 1293 ejus-

59 1314 152 1384 modi
172 1323 457 1388 consuetudinem
477 1337 512 1388 ct
530 1320 770 1387 commercium
790 1320 884 1385 inter
904 1316 1045 1384 Paulum
1065 1334 1101 1386 et

58 1431 480 1501 Senecamintercessisse
506 1453 703 1503 statuamus.
757 1430 880 1524 Neque
907 1447 978 1514 est,
1003 1432 1099 1521 quod
1127 1466 1133 1480 ·

59 1543 231 1629 dicamus,
255 1551 444 1637 primaevos
473 1550 687 1616 Christianos
719 1547 857 1613 finxisse
881 1545 982 1610 istam
1006 1544 1099 1611 inter
1166 1618 1167 1621 Ἴ

60 1652 116 1722 hos
153 1656 352 1729 duumviros
389 1657 684 1726 consuetudinem
743 1661 822 1728 Non
862 1674 959 1748 patet
986 1662 1100 1745 enim,

63 1768 144 1858 quid
173 1771 343 1840 commodi
367 1771 403 1836 iu
422 1765 673 1861 rempublicam
692 1770 924 1836 Christianam
943 1771 1025 1837 inde
1046 1797 1100 1839 re·
1167 1841 1171 1862 Ι

10 1828 20 1941 i
62 1877 213 1952 dundare
231 1885 394 1978 potuerit.
427 1885 534 1948 Immo
555 1897 675 1948 notum
696 1899 768 1960 est,
788 1882 1001 1951 Christianos
1019 1904 1098 1948 sae·

64 1996 123 2066 culi
147 1999 262 2082 tertii,
295 2020 364 2087 quo
388 1998 461 2069 fere
489 2012 642 2090 tempore
666 1991 826 2084 epistolas
855 1992 930 2060 illas
952 1994 1099 2082 scriptas

63 2131 123 2179 esse
149 2130 257 2202 puto,
283 2111 445 2182 adversus
481 2109 612 2210 Stoicos
625 2157 640 2199 ,Ι
663 2106 794 2204 quippe
819 2106 902 2197 ipsis
935 2107 1098 2192 gravitate

29 2234 32 2239 '
66 2219 231 2293 doctrinae
263 2240 298 2290 et
320 2221 516 2309 dogmatum
535 2221 680 2289 multum
708 2219 948 2316 impedimenti
973 2239 1008 2288 et
1038 2222 1100 2292 de·

23 2408 26 2413 ,
67 2337 207 2406 tn'nenti
227 2335 428 2412 efferentes,
452 2359 522 2408 uon
542 2339 688 2406 amicum
710 2315 866 2401 habuisse
888 2337 1050 2403 animum.

22 2434 26 2443 ¹
74 2455 126 2529 ,5.
159 2450 249 2524 Hinc
270 2449 344 2548 ipse
369 2448 578 2539 Lipsius,
600 2448 703 2516 homo
731 2450 992 2538 praeconceptis
1022 2451 1096 2544 opi.

23 2556 28 2595 ‘²
65 2561 214 2635 tionibus
245 2584 317 2628 non
349 2578 565 2636 occoecatus,
600 2565 637 2628 in
660 2564 741 2631 Vita
771 2562 919 2629 Senecae
945 2559 1091 2626 editioni

67 2654 195 2769 operum
223 2654 511 2763 ejuspraemissa
537 2698 612 2764 cap.
640 2675 685 2742 X.
718 2671 763 2739 de
794 2671 862 2738 hoc
890 2672 1093 2739 commercio

18 2858 22 2869 ¹
65 2787 100 2852 iu
133 2785 328 2877 judicat='’
372 2786 445 2854 Hoc
477 2805 587 2854 totum
616 2786 763 2871 rejicere
791 2798 825 2850 ct
861 2781 992 2854 calcare
1021 2808 1094 2854 nou

13 2872 23 3013 pi
67 2901 177 2985 tusimz
192 2898 333 2992 ‚fuerint
354 2899 509 2992 aliquae,
532 2899 592 2969 sed
617 2898 737 2969 eliae·’'
840 2891 843 2900 ¹

13 3016 20 3083 ῗ
94 3017 142 3089 Ita
174 3015 248 3083 fere
286 3012 535 3081 Niiscbcler
565 3012 743 3081 Professor
768 3011 955 3100 Tigurinus
979 3013 1016 3078 iu
1043 3012 1091 3080 li-

13 3156 23 3239 Ι·
68 3126 137 3199 bro:
175 3131 314 3197 Seneca
346 3128 412 3193 der
437 3129 699 3211 Sitteulelrrer‚
732 3129 809 3217 pag·
831 3132 907 3197 501.
938 3126 1090 3213 judicata

12 3242 17 3297 ἱ
67 3243 140 3310 «die
168 3242 279 3309 Bricsc
304 3243 474 3309 zwischen
496 3241 619 3309 Paulus
648 3241 720 3307 und
742 3243 888 3326 Seneca,
915 3241 971 3307 die
993 3243 1093 3331 frey-

67 3350 121 3422 licb
150 3358 305 3424 offenbar
338 3356 399 3422 das
431 3361 590 3442 Gezeugc
616 3357 681 3424 der
709 3357 925 3442 Erdicbtung
950 3372 1091 3441 tragen,

11 3464 17 3569 ξ
67 3456 184 3567 nissen
199 3462 272 3539 sich
294 3469 385 3536 doch
406 3468 527 3536 immer
548 3471 609 3537 auf
622 3473 698 3539 ciue
710 3471 793 3558 Sage
807 3469 988 3556 gruuden,
1005 3470 1087 3536 dasz

66 3587 214 3654 zuiscben
236 3582 363 3653 beiden
391 3587 500 3671 einige
522 3583 792 3658 Bekanutschaft
815 3584 892 3655 Stat
911 3582 1086 3672 gei'unden

66 3691 133 3768 btt’
139 3707 146 3734 ²
157 3707 179 3788 (
188 3727 207 3792 9
217 3701 244 3790 ).

59 3865 296 3896 w

89 3982 117 4056 (9
126 3989 135 4051 t
153 3983 282 4061 Meyer,
303 3985 522 4048 commentatio,
542 3985 571 4037 iu
591 4004 649 4054 quc
671 3984 800 4040 doctriua
819 3982 976 4038 Sroicorom
994 3989 1088 4044 ethica
