2604 4740
654 420 834 508 (²3⁰)

221 605 426 695 eruditionis
454 603 578 675 erebra
606 602 765 689 vestigia,
786 625 884 672 voees
909 617 944 671 et
967 604 1110 700 phrases
1138 606 1259 679 Pauli.

221 698 302 813 nae,
320 719 454 795 vincula
476 717 616 799 Paulina
640 733 675 784 et
700 715 913 786 familiaritas
942 741 1021 788 eum
1050 720 1256 811 Timotheo,

222 810 311 927 nulli
330 834 396 902 nisi
411 831 669 926 praeconceptis
685 831 904 922 opinionibus
929 853 1110 912 oeeoeeato
1132 836 1257 904 absur-

222 947 518 1041 deridebuntur,
543 969 630 1036 quae
650 970 717 1039 pro
739 947 844 1012 Paulo
868 966 1005 1015 auctore
1028 949 1193 1040 epistolae
1214 951 1256 1021 ad

220 1066 394 1149 Hebraeos
411 1064 448 1126 in
467 1061 574 1126 hoeee
594 1058 713 1126 libello
735 1063 984 1151 proposuimus.

264 1181 304 1249 C.
336 1179 519 1249 Caeterum
542 1171 636 1238 haud
667 1195 787 1240 vereor
815 1191 854 1240 ut
879 1176 971 1255 sint,
1008 1179 1070 1269 qui
1101 1178 1254 1265 judicans

220 1318 331 1381 meam
357 1289 562 1371 sententiam
591 1285 634 1353 de
655 1302 747 1352 nexu
767 1292 914 1355 auctoris
937 1291 1101 1377 epistolae
1124 1310 1254 1369 nostrae

219 1435 297 1477 eum
308 1407 425 1476 Stoico
444 1401 593 1493 quodam
610 1398 836 1489 philosopho,
851 1419 886 1469 et
902 1403 985 1470 inde
999 1405 1176 1474 nonnullis
1187 1389 1253 1476 sen·

219 1523 335 1592 tentiis
354 1537 390 1589 et
408 1517 544 1610 placitis
566 1517 690 1602 passim
704 1517 740 1579 in
753 1514 810 1581 illa
831 1517 940 1584 obviis
957 1517 1181 1603 derivandis,
1194 1526 1252 1617 int·

213 1641 318 1728 piam
354 1647 391 1702 et
424 1632 645 1698 anctoritate
681 1626 796 1700 Paula·
826 1635 1027 1718 apostoliea
1067 1636 1251 1726 indignam

215 1775 306 1821 esse.

263 1889 294 1936 ι.
317 1864 444 1943 Primo
463 1858 575 1939 enim,
599 1859 688 1924 sieut
706 1880 822 1924 omnes
845 1876 933 1925 artes
952 1877 985 1926 et
1003 1860 1147 1950 literae,
1171 1891 1247 1958 quaa

217 1980 262 2053 ad
279 1959 522 2058 humanitatem
540 1974 737 2067 pertinent,
756 1973 887 2055 hahent
905 1974 1081 2068 quoddam
1099 2003 1246 2052 commu.

216 2123 262 2167 no
293 2090 470 2164 vinculum
496 2105 533 2157 et
565 2089 659 2178 quasi
690 2089 890 2183 cognatione
924 2089 1075 2178 quadam
1103 2095 1196 2164 intur
1217 2120 1248 2165 ss

215 2213 459 2292 continentum
483 2207 532 2283 sie
550 2204 653 2282 etiam
672 2220 712 2283 ep
725 2202 834 2269 multo
858 2203 962 2289 magis
984 2229 1045 2284 ea,
1069 2231 1160 2296 quae
1184 2237 1247 2291 on.

215 2350 320 2421 quam
343 2320 513 2412 sapientes
535 2317 605 2395 viri
627 2335 662 2395 et
682 2319 871 2389 &adsueverat
892 2318 937 2397 de
961 2321 1066 2388 rebus
1087 2326 1193 2403 saeris
1212 2326 1249 2397 ad

148 2483 151 2492 ,
212 2443 326 2513 Deum
346 2431 620 2521 cognoscendum
639 2446 676 2497 et
696 2433 881 2515 colendum
899 2434 1157 2523 pertinentibus
1177 2465 1247 2510 me·

214 2551 360 2633 diutiss
377 2544 611 2637 philosophati
629 2563 725 2626 sunt,
747 2548 936 2629 arctissimo
954 2551 1093 2621 vinculo
1107 2556 1202 2625 inter
1217 2581 1250 2629 se

214 2667 400 2738 cohaerent
418 2663 487 2745 ita,
510 2676 557 2747 ut¹¹
570 2658 716 2743 alterum
737 2645 780 2728 ei
800 2660 909 2731 altero
931 2666 1088 2752 oriatur,
1108 2669 1250 2743 alterum

213 2781 324 2850 altero
345 2796 520 2866 tamquam
546 2775 620 2840 basi
640 2777 789 2858 nitatur,
813 2776 959 2854 alterum
979 2781 1023 2848 ah
1046 2781 1157 2852 altero
1172 2810 1249 2854 mn-

213 2911 350 2976 ruatur‚
366 2891 508 2958 alterum
523 2889 668 2971 alterum
684 2889 886 2975 ooaafirmot,
900 2893 1046 2962 alterum
1060 2895 1163 2965 alteri
1177 2923 1251 2970 ma·

212 3013 323 3099 jerem
345 3007 458 3083 lucem
480 3002 654 3086 affundat,
685 3002 828 3071 alterum
855 3004 1000 3074 alterum
1025 3010 1197 3082 effieaeius
1218 3015 1259 3083 in.

213 3126 335 3195 animis
361 3120 538 3187 hominum
563 3116 790 3184 emendandis
815 3135 850 3183 et
876 3121 1091 3193 consolandis
1116 3129 1251 3201 reddas.

214 3240 314 3309 Sient
332 3233 522 3313 diluculum
542 3248 579 3313 et
601 3254 720 3313 aurora
746 3249 782 3297 et
800 3233 850 3299 sol
876 3234 989 3302 oriens
1007 3256 1042 3304 et
1061 3236 1122 3308 lux
1141 3245 1249 3319 mari·

212 3353 316 3433 diana
336 3349 500 3415 continuo
521 3362 639 3411 tenore
652 3344 749 3427 ‘inter
765 3370 801 3412 se
820 3347 1021 3434 cohaerent,
1042 3354 1092 3423 sie
1111 3373 1148 3427 et
1165 3360 1249 3449 phi.

209 3464 445 3558 losophemata
466 3477 501 3527 et
526 3474 703 3553 systemata
732 3458 920 3550 theologica
944 3465 1086 3537 diversis
1110 3490 1252 3567 tempo,-

210 3579 309 3649 ribus
336 3593 370 3646 et
400 3575 493 3668 apud
522 3575 672 3642 diversas
706 3591 822 3664 gentes
848 3580 1011 3678 continuo
1037 3601 1073 3653 et
1093 3589 1259 3678 contigno·

211 3692 362 3786 quodam
379 3715 470 3777 nexu
485 3691 578 3759 inter
597 3712 634 3765 se
654 3690 775 3775 juncta
789 3710 882 3765 sunt.
910 3698 985 3769 Nee
1001 3696 1122 3789 religio
1142 3701 1252 3775 clm·-

217 3869 409 3890 m

209 3977 284 4033 stalis
301 3973 416 4035 Paulinit
436 3971 509 4031 deute
526 3972 660 4048 esposuit,
675 3989 706 4029 es
726 3977 816 4035 onnia
833 3979 911 4036 saian
932 3981 1020 4039 imunt
1034 3980 1064 4038 io
1082 3997 1173 4044 mna
1191 3990 1252 4063 spi·

208 4065 287 4128 aule.
