2604 4740
564 446 741 543 (τις)

122 610 176 706 cio
193 635 267 704 ¹sut
289 632 460 726 'pudenda
496 634 677 700 confluunt
702 634 1001 729 celebranturque.
1055 638 1162 727 Igitur
1201 681 1202 684 =

121 755 239 847 primo
256 742 433 836 correpti}
464 749 524 839 qui
545 746 764 834 fatebantur,
794 749 921 820 deinde
948 751 1080 820 iudicio
1099 754 1162 821 e'o-

122 887 202 933 rum
226 861 409 929 multitudo
434 861 556 944 iugens
584 857 676 928 haud
703 864 849 952 perinde
870 866 908 933 in
936 868 1079 935 crimine
1105 872 1166 934 in·

124 978 244 1047 cendii
266 999 368 1067 quam
387 974 466 1040 odio
483 973 624 1039 humani
640 979 772 1060 generis
791 982 938 1047 convicti
955 982 1081 1050 sunt.”
1114 985 1165 1048 Ita

125 1088 269 1159 Tucitus
292 1089 433 1155 idoneus
458 1087 560 1172 hujus
584 1086 634 1153 rei
661 1089 816 1168 arbiter,
842 1093 971 1184 quippe
996 1091 1064 1176 jam
1087 1093 1164 1158 Ve-

124 1203 274 1293 spasiani
301 1199 510 1293 temporibus
531 1217 733 1294 procurator
758 1200 887 1269 Galliac
904 1197 1012 1269 factius
1034 1220 1069 1270 et
1090 1204 1187 1272 ideo>

124 1313 278 1383 incendii
307 1311 420 1402 paullo
447 1327 526 1379 ante
551 1311 634 1378 sacti
660 1310 733 1376 siue
759 1311 868 1379 dubio
893 1316 987 1381 testis
1015 1318 1169 1384 oculatus

123 1448 334 1514 eorumque,
358 1449 445 1513 quae
463 1423 510 1489 de
529 1423 731 1490 Christianis
758 1441 830 1491 tum
855 1429 1019 1516 temporis
1036 1426 1167 1514 judicic

125 1545 255 1609 Romae
277 1539 498 1621 ferebantur,
520 1537 607 1602 bene
629 1559 766 1623 gnerus.
811 1537 902 1604 Male
923 1538 1024 1624 igitur
1057 1540 1166 1607 Chri-

129 1654 232 1723 stisn‘i
247 1653 310 1720 sub
326 1668 459 1743 tempus
479 1649 659 1733 incendii,
684 1672 761 1740 quo-
774 1651 917 1740 epistola
939 1667 1055 1718 nostru
1076 1637 1181 1722 scri-¹.

128 1787 189 1859 pta
206 1785 278 1850 cst,
301 1763 504 1844 audiebant,
527 1781 561 1831 et
580 1763 810 1853 periculosum
826 1781 899 1829 erat
915 1765 1040 1833 Romae
1058 1767 1167 1835 Chri·

127 1886 273 1951 stisnum
304 1903 386 1946 esse.
430 1879 520 1944 Hinc
548 1893 645 1944 caute
675 1893 711 1943 et
738 1878 983 1970 circumspecte
1012 1874 1049 1946 et
1069 1881 1170 1948 seluti

128 1997 405 2064 Christianorum
428 1991 627 2073 cousulens,
647 2007 871 2081 metuensque
896 2016 939 2059 ne
963 1991 1107 2084 epistole
1131 1998 1170 2062 in

126 2111 253 2179 alienas
277 2130 396 2176 manus
420 2109 573 2191 veniret,
587 2106 734 2199 'scripsit
754 2106 825 2174 fine
847 2105 1029 2194 epistolae:
1052 2112 1167 2180 desd-

127 2231 230 2317 ζονταιι
242 2231 333 2312 ’ὑμᾶς
352 2227 380 2294 oi
397 2225 461 2295 tisri
480 2233 536 2302 τῆς
555 2223 705 2301 'usum-
720 2217 854 2290 Noluit
867 2220 1079 2289 Christianos
1097 2225 1174 2290 Rc·

128 2361 248 2408 manos
269 2338 473 2424 nominare,
498 2361 542 2404 ne
561 2336 766 2403 detrimenti
789 2337 874 2426 quid
897 2350 1046 2425 caperet.

171 2453 312 2547 Quanta
332 2451 395 2525 lux4
413 2449 528 2517 multis
552 2452 625 2518 aliis
648 2451 731 2518 locis
749 2449 912 2544 epistolae
929 2467 1082 2531 nostrae,
1100 2474 1168 2541 po·

128 2567 194 2635 sito
215 2564 418 2657 hcc,‘quod
440 2563 483 2632 de
505 2564 634 2652 origine
655 2567 750 2653 ejus,
773 2581 808 2630 et
826 2565 1071 2632 cousuetudine
1103 2592 1169 2634 au-

129 2680 234 2749 ctoris
259 2703 339 2749 cunr
368 2679 497 2747 Seneca
524 2679 690 2768 exposui,
719 2677 935 2764 effundatur,
958 2678 1080 2774 'cupite
1109 2705 1169 2749 se·

128 2794 246 2866 cundo
257 2799 326 2883 jum
345 2793 485 2860 uberius
508 2794 656 2874 ostendi,
678 2810 713 2860 et
733 2792 828 2859 hunc
853 2792 1080 2884 praecipuum
1096 2795 1179 2863 fru·'

129 2929 225 2980 ctum
246 2933 339 2996 csse,
363 2911 483 3001 quiin
506 2904 685 2998 epistolum
707 2905 751 2973 sd
775 2905 946 2973 Hebraeos
964 2908 1030 2979 rite
1053 2909 1171 2999 explt‘.

129 3025 279 3096 cendam
299 3023 554 3096 redundaturus
571 3019 616 3087 sit
633 3040 674 3087 er
696 3044 771 3090 mea
790 3021 922 3112 opella,
945 3045 1016 3090 non
1044 3040 1175 3092 temere

129 3132 283 3211 confluo.

171 3260 265 3326 Cum
282 3271 459 3349 practerea
478 3254 514 3320 in
536 3248 689 3342 Epistola
703 3247 747 3315 sd
766 3248 937 3317 Hebraeos
956 3250 1044 3316 nihil
1061 3278 1168 3343 repc-

128 3369 379 3461 ristur‚,quod
402 3393 422 3434 e
442 3366 538 3433 Pauli
558 3368 695 3454 ingenio
720 3381 753 3431 et
770 3365 866 3432 Pauli
890 3367 1101 3454 temporibus
1127 3369 1171 3434 sit
1261 3412 1264 3419 ·

131 3485 303 3569 alienum,
329 3508 406 3550 cum
425 3481 612 3572 pleraque,
637 3504 724 3569 quae
742 3477 854 3544 inille
873 3498 1084 3564 occurrunt,
1109 3506 1173 3571 pro

128 3599 239 3670 Panlo
263 3610 399 3667 suctore
426 3596 576 3677 faciant,
597 3593 737 3660 Paulina
761 3597 987 3679 θεολογούμενω
1005 3613 1040 3661 et
1059 3603 1168 3678 esss-

128 3717 327 3803 matters,
349 3712 492 3781 Pauline
515 3713 655 3796 νοήματα
676 3724 710 3776 et
728 3710 876 3795 δόγματα
900 3711 988 3800 (9),
1009 3712 1025 3778 J
1032 3710 1172 3778 udaioas·

123 3875 345 3908 m

163 3997 235 4063 (9)
263 3989 336 4055 Quae
358 3986 476 4044 [taceri
500 3988 528 4040 iu
550 3985 636 4042 libro:
668 3947 947 4070 Entwickelupgidsr
969 3987 1170 4043 Paulintschm

123 4077 358 4151 hsbrbegriffcn,
375 4087 506 4146 tamquam
524 4075 612 4128 cicer
629 4073 752 4141 διδαχῆς
767 4071 910 4144 Ptuliuse,
926 4091 956 4127 ex
976 4075 1099 4130 tredecim
1112 4077 1171 4147 epi-
