2604 4740
547 367 734 453 (¹⁶8)

131 545 254 627 Paulo,
268 545 404 634 captivo
425 560 461 613 et
482 548 592 615 tenuis
614 572 731 615 census
752 548 912 634 homine,
936 573 1117 638 apersons
1134 565 1165 622 et

130 661 271 747 ingenio
299 662 447 729 Senecae
474 660 520 740 sit
546 660 679 746 aliena,
702 680 741 756 ut
760 662 792 731 ei
814 663 859 729 sit
882 664 1163 735 accommodatis·

126 776 219 851 sima,

175 889 216 955 H.
239 891 355 977 Ohjici
375 891 475 960 etiam
502 905 634 981 potest,
663 893 689 957 si
712 889 917 960 familiaritas
936 890 1052 983 aliqua
1073 893 1162 960 inter

131 1004 293 1073 Senecam
312 1023 346 1072 et
365 1005 504 1072 Paulum
529 1006 662 1086 extitit,
676 1022 709 1070 ct
731 1008 757 1069 si
780 1005 835 1070 illc
858 1005 979 1097 placita
994 1007 1163 1092 religionis

131 1119 346 1187 Christianae
370 1119 596 1206 cognoscendi
617 1121 825 1187 occasionem
846 1121 988 1189 hahuit:
1015 1146 1161 1209 quonao-

63 1262 67 1272 ·
131 1235 176 1299 do
191 1233 269 1321 fit,
300 1249 342 1302 ut
366 1261 410 1301 ne
435 1240 546 1302 ullum
572 1236 715 1322 quidem
739 1239 916 1323 propensi
937 1257 1028 1321 erga
1053 1235 1161 1301 Chri·

128 1350 268 1415 asianos
286 1350 403 1416 animi
418 1352 639 1437 vestigium,
662 1351 768 1416 immo
787 1376 830 1418 ne
853 1349 1001 1417 verdum
1023 1349 1162 1436 quidem

128 1463 173 1527 cle
195 1465 300 1533 rebus
325 1464 618 1532 Christianorum
640 1465 678 1529 in
698 1444 848 1549 scriptia
868 1465 1047 1545 Senecae,
1071 1484 1159 1551 quo·

126 1597 206 1641 rum
231 1574 395 1644 nonnulla
424 1578 516 1643 inter
542 1593 576 1643 et
610 1593 688 1670 post
710 1575 887 1642 Paulinam
908 1579 1036 1647 Romae
1067 1598 1161 1643 come

126 1690 349 1757 morationem
371 1706 506 1756 exarata
526 1707 623 1769 suut,
646 1692 865 1782 reperiatur?

170 1827 205 1874 a.
229 1806 369 1896 Quippe
391 1804 521 1872 Seneca
539 1806 780 1895 praestantiam
802 1828 937 1886 eorum,
959 1826 1048 1894 quae
1069 1804 1157 1890 Ραιις·Ι

126 1916 181 1984 lus
199 1914 243 1983 de
262 1917 334 1983 Deo
356 1919 506 1986 universi
530 1918 650 1984 mundi
667 1918 844 1985 conditore
867 1936 900 1986 et
926 1917 1164 2002 moderatore,

128 2029 175 2106 de
188 2029 356 2098 idolorum
370 2035 534 2116 vanitate,
546 2032 590 2097 de
605 2031 829 2123 mythologiae
845 2054 991 2120 paganae
1008 2030 1165 2119 ineptiis,

131 2144 176 2213 de
203 2147 275 2212 Deo
306 2169 394 2234 pura
419 2163 534 2214 mente
563 2143 728 2227 colendo,
752 2143 796 2210 de
824 2146 895 2210 Deo
923 2147 1031 2235 patris
1059 2147 1165 2212 instar

19 2305 22 2310 ,
128 2259 284 2327 homines
309 2269 441 2327 amante
465 2276 498 2324 et
514 2261 701 2351 probante,
719 2275 753 2325 ct
776 2257 820 2324 de
840 2255 945 2324 altera
967 2261 1037 2326 vita
1054 2257 1165 2325 doce·

127 2375 210 2456 hat,
232 2373 336 2439 sensit
356 2390 390 2439 et
407 2374 519 2458 magni
538 2373 735 2439 aestimavit.
780 2369 849 2437 Sed
868 2369 987 2438 eadem
1004 2371 1110 2437 etiam
1129 2371 1167 2440 in

129 2488 267 2576 scriptis
282 2485 566 2580 philosophorum
583 2485 799 2554 ethnicorum
818 2489 901 2561 etin
914 2486 1044 2566 Stoica,
1065 2507 1169 2575 quam

127 2602 345 2683 sectabatur,
366 2598 582 2688 philosophia
602 2603 768 2691 reperisse
792 2601 857 2667 sibi
880 2599 969 2667 visus
988 2614 1047 2665 est·
1092 2597 1166 2665 Ve-

128 2741 208 2785 rum
227 2713 401 2786 enimvero
416 2713 589 2783 doctrino
614 2714 657 2780 de
678 2714 840 2798 Christo,
864 2715 942 2782 Dei
953 2711 1060 2800 filio,
1091 2710 1168 2781 hu.

128 2852 230 2899 mano
255 2852 402 2915 corpere
429 2828 576 2904 induto,
602 2850 667 2916 pro
685 2832 849 2915 peccantia
865 2829 1047 2895 hominum
1064 2849 1167 2893 mor·

128 2959 191 3014 tuo
212 2958 248 3011 et
268 2942 443 3031 crucifixo
465 2955 503 3007 ec
523 2943 739 3010 reauacituto
762 2956 799 3009 et
820 2947 858 3009 in
876 2941 1011 3008 coelum
1025 2953 1168 3023 evecto,

124 3085 229 3152 quam
257 3056 379 3124 Paulus
411 3056 621 3145 potissimum
651 3055 893 3146 praedicabat,
925 3053 1106 3135 Senecae,
1129 3068 1170 3119 nt

123 3173 197 3240 aliis
220 3190 291 3238 tum
307 3171 468 3263 temporis
487 3169 718 3260 philosophis,
727 3168 812 3257 fnit
831 3173 942 3255 uncle·
966 3166 1040 3235 cfr.
1056 3168 1171 3243 rCor,

122 3289 161 3372 1,
186 3289 345 3356 20-51.
377 3286 457 3355 Act.
480 3283 768 3386 th1,51‚452.

167 3404 199 3470 b.
224 3400 355 3469 Deinde
375 3400 524 3483 Seneca,
549 3421 624 3464 cum
645 3397 787 3461 Paulum
810 3410 1035 3480 cognosceret¹
1050 3412 1087 3464 et
1108 3422 1169 3464 an·

124 3516 236 3601 diret,
255 3519 324 3602 jam
345 3526 582 3581 consenuerat
600 3512 802 3590 innutritus
819 3513 857 3574 in
875 3510 1082 3582 Stoicorum
1100 3537 1169 3579 aa·

122 3634 290 3719 pientia,
312 3644 347 3695 et
369 3628 484 3695 Stoica
506 3625 671 3696 derebus
691 3624 794 3692 sacris
816 3623 986 3690 sentiendi
1009 3643 1043 3694 et
1067 3629 1167 3713 cogi-t

123 3743 221 3813 tandi
243 3743 331 3816 ratio
354 3759 420 3812 tam
445 3740 527 3807 altas
548 3739 678 3805 radices
697 3738 732 3801 in
754 3739 826 3822 ejus
845 3737 956 3802 animo
975 3757 1106 3826 egerat,
1128 3756 1172 3811 ut

125 3884 143 3926 a
169 3882 255 3923 nova
276 3852 438 3939 evangelii
462 3847 638 3948 doctrina,
674 3851 787 3920 multis
811 3852 1002 3919 Stoicorum
1030 3850 1172 3946 placitis

126 3993 266 4064 prorsus
291 3968 455 4049 adversa,
477 3969 534 4035 vix
553 3991 592 4034 ac
611 3991 656 4031 ne
677 3968 732 4031 vix
756 3965 895 4055 quidem
914 3965 1011 4035 evelli
1038 3985 1170 4055 posset.

127 4083 346 4174 Approbavit
371 4082 465 4150 Pauli
493 4080 705 4166 doctrinam,
729 4098 894 4171 quatenus
923 4102 1000 4160 cum
1026 4080 1172 4166 Stoica-0
