2604 4740
567 449 758 538 (¹51)

127 628 198 719 θεῖα
217 631 379 718 sapientis
398 630 472 715 lv,
497 635 563 718 155Ι
593 633 649 723 V,
674 657 715 722 s,
737 658 781 724 7,
805 648 841 702 et
859 633 944 724 alia,
977 634 1023 705 de
1051 639 1176 731 quibus

129 767 235 836 supra
261 747 401 814 uberius
429 749 587 839 exposui.
639 748 669 816 E
696 751 870 817 contrario
899 771 981 819 vero
1011 754 1115 821 etiam
1138 754 1178 822 iu

129 857 309 928 nonnullis
330 861 479 931 Senecae
498 864 638 953 scriptis
653 863 818 931 alluditur
831 863 875 931 ad
890 863 1046 951 dogmata
1064 867 1175 942 Chri-

131 973 342 1060 stianorum,
368 1002 455 1068 quae
478 979 516 1046 in
538 994 655 1047 nostra
675 978 820 1069 epistola
839 996 1072 1068 exponuntur.

98 1165 103 1172 ⁸
169 1108 204 1156 ν.
230 1092 274 1158 Iu
296 1094 440 1162 vocibus
463 1107 501 1162 et
524 1096 694 1184 loquendi
702 1094 903 1184 formulis,
927 1093 1054 1188 quibus
1073 1096 1170 1165 Stoi-

129 1203 164 1270 ci
177 1203 355 1292 ‚igitur-'et
368 1211 515 1288 Seneca,
529 1209 581 1275 uti
601 1225 636 1276 et
655 1209 811 1296 dogmata
833 1233 892 1275 sua
909 1228 1029 1278 notare
1048 1208 1171 1279 solent.

125 1318 258 1388 Notum
270 1341 324 1391 est
337 1374 348 1410 ,
362 1324 563 1401 Stoicos.ut
577 1321 760 1414 plerosque
771 1322 1016 1418 philosophos,
1038 1327 1076 1394 in
1092 1342 1168 1394 tra-

127 1437 335 1506 ctationibus
352 1441 420 1506 auis
440 1437 609 1532 peculiari
628 1434 768 1527 lingua,
789 1439 929 1507 vocibus
950 1456 985 1508 et
1003 1438 1171 1533 loquendi

125 1547 286 1621 formulis
306 1553 488 1622 insolentia
508 1552 658 1644 quadam
678 1551 869 1640 insignibus
889 1554 960 1631 uti,
983 1580 1025 1624 ex
1045 1555 1170 1648 quibus

127 1677 342 1757 umquam
363 1684 489 1737 tessera
512 1665 566 1735 vel
589 1664 744 1760 symbolo
768 1666 905 1736 Stoicae
928 1668 1169 1761 philosophiae

126 1782 459 1870 mysteriisinitiatos
473 1803 654 1867 agnoscere
675 1780 791 1872 possis.
814 1783 904 1849 Hinc
924 1784 1055 1852 Seneca
1070 1786 1168 1871 ejus·

124 1893 221 1961 modi
247 1897 387 1964 vocibus
406 1912 507 1964 utens
529 1893 646 1964 dicere
668 1892 772 1963 solet:
805 1896 890 1967 «Ut
911 1913 1029 1963 nostra
1053 1898 1170 1986 lingua

122 2003 303 2100 loquar‚’'
325 2012 392 2083 clr.
408 2009 586 2106 Epist.74.
629 2008 757 2078 Notum
772 2025 843 2094 eat,
867 2009 990 2078 Stoicis
1006 2013 1169 2105 inprimis

126 2121 294 2193 familiare
308 2125 433 2205 luisse,
456 2138 589 2193 novaet
601 2118 738 2189 insolita
759 2122 942 2206 vocabula,
962 2144 1067 2217 prout
1087 2152 1168 2198 usus

123 2236 330 2330 postularet,
351 2237 563 2331 procudere,
589 2235 643 2304 vel
661 2237 834 2307 vocabulis
853 2240 944 2306 notis
965 2256 1001 2307 et
1018 2247 1168 2334 receptis

124 2353 326 2421 inusitatum
346 2377 484 2421 sensum
500 2353 683 2441 subjicere.
727 2352 802 2422 Cir.
826 2353 958 2421 Seneca
973 2354 1083 2442 Epist.
1100 2363 1164 2450 59²

127 2470 321 2557 «Magnam
341 2494 383 2538 ex
407 2467 552 2560 epistola
572 2483 629 2534 tua
646 2469 790 2562 percepi
811 2467 1057 2556 voluptatem
1080 2495 1169 2562 perf

125 2586 225 2652 mitte
243 2587 338 2653 enim
359 2583 447 2650 mihi
464 2584 516 2650 uti
534 2583 648 2650 verbis
673 2579 846 2672 publicis.
868 2604 935 2648 nec
958 2583 1017 2651 illa
1044 2586 1088 2654 ad
1111 2591 1165 2655 si·

74 2722 77 2730 ”
125 2699 381 2787 gnificationem
399 2698 551 2768 Stoicam
563 2718 696 2764 revoca.
722 2696 855 2766 Vitium
871 2693 1079 2786 voluptatem
1095 2728 1168 2775 ease

126 2813 307 2885 credimus.
323 2813 348 2846 ’⁹
402 2808 581 2898 Ejusmodi
610 2807 777 2877 formulae
803 2806 972 2899 loquendi
1000 2828 1036 2878 et
1066 2839 1165 2887 voces

126 2954 198 2999 non
214 2953 295 2998 raro
315 2933 352 2995 in
372 2939 489 2991 nostra
507 2921 650 3013 epistola
666 2905 867 2994 occurrunt.
911 2925 989 2993 Huc
1005 2929 1166 3000 referen·
1192 2996 1196 3002 .

125 3045 189 3113 d'ae
212 3060 294 3111 sunt
308 3063 408 3112 voces
425 3046 602 3124 πολυμερῶς
623 3040 676 3107 καὶ
694 3041 909 3125 πολυτρόπως,
932 3047 1038 3123 αἰῶνες
1056 3046 1093 3114 in
1113 3053 1165 3116 si-

124 3158 345 3248 gnificatione
364 3151 498 3238 mundi,
511 3153 739 3236 ἀπαύγασμα,
760 3156 878 3231 sittace
889 3202 899 3235 ,
911 3162 1164 3249 τετελειωμένον,

123 3277 303 3355 retardans,
325 3273 502 3347 τελείωσις,
527 3272 713 3349 relatoris,
737 3280 883 3354 στοιχεῖα
897 3280 954 3348 τῆς
968 3277 1090 3362 ἀρχῆς,
1113 3285 1166 3352 δνσὶ
1219 3298 1221 3303 ’

122 3396 178 3472 τὴν
198 3389 260 3473 ἕξιν
279 3390 323 3473 σα
341 3387 520 3472 αὶσθνσνὶννα
543 3385 792 3467 γεγυμνασμένα
809 3385 959 3470 ἔχοντες,
981 3393 1163 3477 despuitis-

121 3533 196 3587 σας,
218 3510 346 3586 πνεῦμα
363 3495 499 3576 αἰώνιον,
529 3497 706 3578 lectoriae,
735 3501 932 3583 εὐαρεστεῖν,
953 3509 1039 3585 μετα
1061 3513 1163 3588 αἰδοῦς

120 3622 172 3695 καὶ
197 3621 369 3702 εὐλαβείας
391 3615 471 3704 (a).
514 3608 598 3682 Vico
619 3631 715 3678 versa
738 3610 841 3679 etiam
860 3610 898 3678 iu
918 3613 1067 3687 Senecae
1086 3624 1163 3711 qui.

117 3795 337 3814 Μ

154 3899 214 3973 (2)
243 3898 290 3952 Ηίν
307 3910 335 3952 et
352 3896 549 3964 allisionibus,
566 3912 629 3966 quas
644 3911 722 3965 supra
739 3894 827 3948 multia
843 3895 946 3963 exposui
955 3938 963 3966 ‚
980 3898 1059 3971 adjici
1078 3919 1165 3976 poem

118 3994 166 4042 aar
185 3989 368 4056 ἑξέρχεσθαν,
387 3984 467 4056 xm,
487 3987 527 4040 ιδ.
562 3983 631 4034 Voce
657 3983 822 4052 ἐξίρχνσθαι
838 3982 919 4036 Stoici
938 4002 1014 4056 saepe
1040 4003 1166 4071 utuntur,

119 4092 202 4145 quum
225 4073 254 4124 tle
277 4087 358 4127 morte
380 4072 458 4127 officii
475 4089 552 4126 eausa
571 4068 677 4123 fortiter
691 4070 839 4138 subeunda,
865 4070 945 4124 immo
969 4074 1001 4126 de
1021 4080 1167 4140 voluntari.

118 4173 225 4227 uerte,
242 4162 266 4216 ai
282 4179 325 4215 res
340 4164 472 4233 postulat,
488 4178 539 4214 uon
554 4156 747 4215 rel'ornidanda
767 4155 844 4214 rerba
862 4158 970 4218 faciunt.
1005 4164 1077 4232 Quae
1098 4190 1167 4229 non

828 4246 882 4308 9!
