2604 4740
549 399 738 484 (17²)

125 609 210 663 cae,
236 582 294 672 qui
314 579 426 646 adhuc
445 580 643 674 superstites
665 596 763 663 sunt,
786 579 874 664 loci,
895 582 933 649 in
954 584 1079 672 quibus
1103 609 1156 654 re·

123 699 259 786 ligionis
289 695 502 762 Christianae
531 695 661 762 mentio
688 694 778 761 facte
808 712 900 779 erat,
923 695 1066 765 forsitan
1095 699 1157 767 de-

125 811 189 880 leti
209 827 310 895 sunt,
333 811 413 898 quia
431 810 583 900 iniquius
608 809 780 897 judicium
803 806 846 876 de
870 808 1032 898 religione
1056 813 1157 880 Chri·

124 928 233 993 atiena
257 926 483 992 continerent.
517 927 594 994 Huc
616 924 729 991 resero
748 921 936 1014 Epistolam
955 927 1018 1015 98,
1040 928 1078 992 in
1100 951 1160 1018 qua

123 1056 204 1128 post
228 1038 384 1107 lacunam
405 1040 617 1107 manifestam
635 1061 747 1106 sermo
766 1056 817 1104 est
842 1039 885 1104 de
908 1063 987 1106 sene
1015 1041 1160 1131 quodam

123 1153 335 1232 s’enerabili,
359 1153 464 1221 multa
487 1179 587 1248 passo
611 1172 646 1223 et
662 1151 767 1218 Paulo
792 1151 962 1222 simillimo
984 1155 1082 1240 (ιγ).
1136 1199 1138 1203 -

165 1268 297 1334 Eadem
328 1271 416 1336 ratio
446 1287 498 1337 est
526 1270 695 1338 librorum
724 1269 880 1334 Senecae
912 1293 957 1334 ac
985 1268 1159 1334 Philonia.

123 1380 224 1450 Philo
261 1384 334 1450 sine
366 1383 562 1467 dubio'ca,
595 1408 681 1474 quae
712 1379 950 1471 Hierosolymis
981 1405 1060 1446 cum
1089 1381 1161 1448 Jesr

123 1516 197 1563 acta
218 1515 331 1563 essent
359 1515 394 1564 et
420 1522 506 1588 quae
530 1498 736 1587 apostoliae]
763 1499 814 1562 ibi
839 1493 1054 1562 fundandam
1079 1498 1161 1564 reli·

123 1610 260 1695 gionana
282 1633 428 1687 novam,
451 1610 619 1677 Mosaicae
647 1613 685 1678 in
706 1613 821 1679 multis
841 1611 1038 1695 adversam,
1063 1610 1161 1678 moll·

30 1774 32 1778 ,
72 1777 76 1782 .
125 1739 270 1803 rentur,
300 1738 515 1810 cognoverat.
558 1724 599 1790 In
623 1723 714 1792 libro
738 1742 857 1791 contra
883 1721 1044 1791 Flaccum
1074 1744 1108 1793 et
1129 1727 1163 1794 in

126 1837 309 1923 Legatione
325 1837 367 1904 ad
386 1839 507 1924 Cajum
530 1863 775 1928 saepenumero
797 1862 914 1905 rerum
935 1855 1008 1905 tum
1029 1857 1163 1931 tempo·

128 1955 176 2018 ais
193 1955 229 2017 in
247 1951 433 2018 Palaestina
457 1969 651 2038 gestorum,
674 1953 773 2021 Pilati
794 1955 937 2041 ejusque
959 1957 1170 2042 arrogantiae

131 2068 290 2134 avaritiae
316 2085 350 2134 et
377 2067 563 2152 injustitiae
593 2085 659 2134 cet.
692 2069 901 2137 mentionem
928 2068 1010 2136 lacit
1036 2069 1105 2154 ita,
1132 2085 1171 2136 ut

131 2197 266 2270 pateat,
288 2178 468 2247 Philonem
489 2184 747 2259 cumeorum,
770 2207 857 2272 quae
880 2181 923 2250 ad
946 2185 1063 2252 Jesum
1083 2186 1172 2272 ejus·

137 2321 204 2387 que
236 2297 427 2363 doctrinam
460 2313 495 2363 et
525 2285 664 2362 asseclas
693 2297 891 2387 pertinent,
924 2318 996 2362 non
1018 2298 1181 2385 ignarum·

136 2412 248 2479 luisse.
293 2411 341 2476 Ut
367 2426 495 2476 taceam
525 2410 568 2478 de
596 2408 710 2476 multis
739 2410 983 2479 Alexandrinis
1012 2412 1177 2500 ludaeis,

95 2550 98 2564 t
139 2528 199 2614 qui
229 2524 321 2592 festis
351 2525 560 2614 temporibus
591 2526 786 2592 catervatim
809 2526 1077 2615 Hierosolymam
1104 2531 1176 2596 mi-

139 2640 285 2725 grabant
314 2654 349 2705 et
380 2638 608 2730 Alexandriae
635 2638 798 2723 reduces,
829 2664 915 2730 quae
935 2643 1179 2734 Hierosolymis

141 2753 358 2836 acciderent,
381 2756 570 2820 narrabant
597 2753 701 2821 cuivis
720 2753 939 2844 popularium
965 2779 1082 2825 rerum
1105 2782 1176 2828 no·

138 2894 258 2938 rarum
281 2866 419 2959 cupido.

141 3026 145 3032 ·
184 2981 254 3052 Sed
276 3007 320 3048 ne
340 2983 445 3047 verbo
471 2980 612 3071 quidem
629 2981 666 3045 in
691 2983 847 3049 omnihus
867 2984 1004 3070 seriptis
1024 2984 1179 3054 Philonis

141 3114 177 3164 ot
198 3094 397 3185 nominatim
416 3096 453 3161 in
474 3120 579 3186 supr-a
596 3094 765 3176 laudatis,
790 3097 920 3165 Christi
942 3101 1084 3190 ejusque
1107 3099 1176 3168 do·

35 3222 45 3241 ⁶
144 3212 273 3278 otrinae
293 3227 328 3276 et
346 3211 619 3278 Christianorum
642 3211 682 3275 lit
698 3213 838 3277 mentio.
871 3213 1012 3300 Quippe
1039 3214 1090 3280 vel
1108 3202 1177 3304 pe·

145 3324 328 3393 riculosum
344 3324 481 3391 Philoni
497 3328 561 3391 hac
578 3325 621 3391 de
637 3347 675 3390 rc
689 3323 855 3410 judicium
874 3326 964 3391 ferre
981 3330 1089 3393 risum
1108 3345 1182 3409 est,

146 3438 200 3508 vel
222 3437 315 3515 loca,
348 3438 381 3501 in
412 3439 536 3529 quihus
558 3440 637 3505 Jesu
669 3440 809 3527 ejusque
834 3440 1010 3508 doctrinae
1033 3444 1184 3517 mentio·

148 3579 227 3622 nem
252 3554 352 3632 fecit,
376 3577 395 3618 a
415 3554 617 3620 Christianis
642 3552 752 3622 deleta
776 3569 877 3638 sunt,
901 3578 979 3626 cum
999 3575 1111 3627 essent
1130 3583 1187 3634 re·

147 3671 210 3736 hus
230 3668 502 3735 Christianorum
525 3670 696 3737 contraria
717 3671 815 3759 (18).

145 3847 352 3864 m·-

186 3959 258 4026 (¹7)
282 3953 361 4006 Plura
379 3954 410 4008 de
428 3955 475 4007 hac
493 3957 601 4026 epistola
617 3968 644 4011 et
659 3974 716 4010 sene
733 3957 892 4026 venerabili,
909 3960 979 4027 enjus
996 3958 1025 4011 io
1039 3977 1069 4013 ea
1091 3964 1194 4025 mentio

154 4040 200 4110 fit,
217 4056 244 4094 et
260 4044 304 4112 qui
324 4042 400 4096 raulo
417 4044 565 4098 simillimus
583 4058 639 4116 est,
656 4046 723 4100 inira
739 4047 855 4100 dicentur
873 4047 899 4098 in
916 4047 1000 4116 capite
1018 4046 1057 4116 V,
1076 4049 1105 4105 Ε.

191 4132 264 4203 (18)
284 4131 314 4185 ln
337 4149 366 4184 eo
386 4132 467 4187 haheo
487 4132 668 4189 assentientem
682 4131 784 4190 beatum
804 4135 1016 4202 l'zsehimerum,
1034 4137 1080 4210 qui
1099 4139 1129 4190 iu
1145 4155 1197 4193 ro-
