2604 4740
503 193 680 279 (165)

57 370 343 459 significationem
354 374 506 466 posueris
521 406 533 458 ς
559 377 624 443 hoc
637 399 678 442 ex
693 374 752 443 illa
766 373 846 459 ¹lano
868 370 976 466 patei.
1003 376 1096 444 Pau·

56 485 132 553 lum
155 487 192 552 in
213 490 287 554 aula
312 488 464 557 Caesaris
485 513 639 575 magnam
659 489 889 558 celebritatem
903 487 1098 583 multosque

58 601 185 667 amicos
206 617 240 666 et
260 625 363 669 novae
389 601 565 669 doctrinae
589 604 729 671 asseclas
753 622 892 673 nactum
915 627 998 677 esse·
1055 606 1100 672 In

60 731 159 782 tanta
175 716 277 802 igitur
296 716 390 781 Pauli
410 732 445 782 et
462 715 622 784 Paulinae
643 715 820 787 doctrinae
842 715 1098 786 celebritatem
1117 781 1119 785 .

57 823 139 897 aule
150 830 295 896 Neronis
307 879 317 912 ,
330 828 419 894 lama
439 828 541 916 hujus
562 829 627 896 riri
646 831 690 897 ad
705 831 872 900 Senecam
885 833 987 900 etiam
1006 834 1099 901 veni't

61 924 230 1011 et'virum
250 967 367 1010 rerum
390 941 582 1010 divinarum
597 944 861 1013 curiosissimum
878 929 1036 1034 impulit,
1058 942 1099 1011 ut

62 1057 208 1125 Paulum
227 1040 338 1125 adiret
353 1074 411 1136 et,
434 1055 592 1124 doctrina
611 1062 684 1144 ejus
704 1077 739 1127 et
757 1085 888 1127 morum
907 1061 1101 1145 integritate
1191 1072 1193 1076 ‘

61 1161 523 1256 cognitaJconsuetudinam
547 1173 694 1267 aliquam
716 1199 793 1242 cum
810 1199 851 1241 eo
868 1191 1034 1241 necteret.

108 1284 155 1353 G.
189 1286 257 1353 Sed
279 1287 422 1353 forsitan
444 1289 612 1378 quispiam
635 1289 782 1356 dixerit:
818 1291 895 1355 Non
918 1287 1100 1356 verisimile

59 1403 137 1483 est,
163 1400 354 1479 Senecam,
377 1403 500 1467 virum
523 1403 574 1468 ad
591 1427 745 1470 summos
771 1405 919 1472 honores
942 1405 1102 1471 enectam

64 1528 101 1582 et
119 1517 259 1603 grandi
278 1517 490 1582 dinitiarum
518 1518 624 1603 capia
647 1518 888 1591 abundantem
912 1542 952 1583 ea
978 1517 1102 1584 addn'-

64 1641 165 1694 otum
177 1655 273 1712 eree,
297 1644 339 1697 nt
355 1632 511 1697 Panlnm
523 1631 702 1697 nominem
711 1631 972 1717 panpercnlnm
984 1678 995 1711 ,
1017 1632 1101 1696 nnl-¹

64 1742 110 1807 lie
144 1745 337 1812 nonoribus
369 1747 565 1831 insignem,
608 1750 714 1812 immo
747 1748 929 1832 captivum
957 1745 1104 1830 saepius

66 1857 212 1936 adiret,
247 1857 415 1947 colloquia
442 1857 610 1925 derebus
633 1859 736 1926 sacris
762 1884 839 1928 cum
866 1855 927 1925 illo
951 1871 1105 1922 necteret

63 1988 101 2037 et
120 1971 348 2038 familiaritate
367 1972 511 2061 quadam
533 1999 612 2048 eum
633 1974 844 2061 dignaretur.
889 1975 976 2040 Cum
997 1969 1106 2038 Athe-

70 2083 440 2174 nienses'philosophi‚
458 2086 564 2153 Stoici
584 2106 617 2154 et
634 2087 971 2176 Epicurei,Paulum
988 2085 1104 2151 Athe·

64 2198 120 2264 nis
149 2198 360 2284 evangelium
389 2200 569 2268 docentem
595 2203 941 2291 summa-arrogantia
973 2215 1123 2268 tracta-.

62 2328 169 2394 rent,
200 2338 345 2410 eumque
374 2319 584 2401 aaspnatdyon
618 2315 837 2395 dictitarent3
878 2314 931 2380 vix
964 2314 1105 2398 cogitari

63 2442 200 2516 potest,
223 2423 365 2494 Paulam
386 2456 403 2494 a
429 2431 558 2497 Seneca
576 2447 610 2496 et
633 2428 838 2518 philosopho
856 2426 972 2492 Stoico
990 2424 1105 2492 etan*-

61 2539 133 2607 lico
163 2559 198 2607 et
230 2561 420 2632 purpurato
449 2542 619 2636 colloquio
650 2559 684 2609 et
710 2538 937 2621 familiaritate
964 2540 1106 2631 dignum

59 2653 258 2742 'judicatam
281 2681 364 2722 esse.
1087 2650 1089 2655 ⁵

65 2779 68 2783 ’
108 2769 373 2859 Quodammodo
395 2772 436 2837 ad
462 2774 550 2839 hanc
572 2772 801 2858 objectionem
818 2772 886 2855 jam
903 2769 940 2835 in
958 2786 1102 2854 antece·

63 2885 229 2950 dentibus
250 2906 448 2976 responsum
470 2904 541 2969 est,
566 2885 625 2952 sed
650 2886 785 2970 majoris
811 2882 924 2950 adhue
944 2888 1108 2956 momenti

63 2999 152 3068 haec
174 3017 276 3065 sunta
344 3062 347 3067 a
1030 3011 1032 3015 ’

111 3113 264 3196 Seneca,
288 3120 437 3206 quamvis
466 3116 635 3182 honorum
669 3109 877 3200 splendore,
911 3113 1106 3184 divitiarum

66 3230 167 3318 copia
199 3244 232 3295 et
262 3226 477 3321 eloquentiae
509 3228 704 3316 ingeniique
737 3224 839 3293 laude
864 3226 1106 3295 celeberrimus

65 3344 197 3431 luerit,¹
222 3344 298 3408 'non
327 3364 437 3409 tamen
466 3341 626 3432 superbia
660 3357 694 3406 et
726 3343 918 3426 arrogantia
950 3341 1105 3425 turgidas

68 3457 201 3527 vilioris
221 3456 427 3525 conditionis
445 3457 601 3524 homines
621 3453 697 3520 altis
720 3453 876 3546 despexit
894 3448 1104 3544 superciliis}

63 3639 277 3653 Μ

69 3740 128 3844 wt'
144 3760 169 3810 p.
185 3743 270 3810 34153
292 3742 412 3811 opinatur
438 3742 529 3792 aialon
552 3740 678 3812 unlaupoe
695 3757 750 3793 esse
773 3739 935 3808 praetoriana
953 3751 1055 3803 eastra,
1083 3750 1109 3796 et
1163 3805 1167 3813 Ι

70 3844 136 3898 τουςΙ
148 3829 176 3877 ἐκ
188 3847 215 3890 τ,
227 3829 296 3885 nuta.
316 3832 367 3886 οἰκ.
385 3829 561 3903 praetorianos
577 3829 690 3899 milites,
707 3828 751 3898 qui
765 3828 905 3882 custodiam
919 3827 1027 3909 apostoli
1044 3845 1106 3896 age·

70 3915 152 3985 bant,
170 3933 282 3986 quosque
301 3916 332 3970 de
350 3916 479 3985 evangelio
497 3913 620 3972 edocendi
637 3916 795 3972 occasionem
814 3915 927 3970 babebat
943 3916 1081 3987 apostolus.
