2604 4740
552 359 733 447 (²00)

124 546 289 628 Φοροέοερον
319 543 413 625 ὄνομα
446 546 715 628 taeterrimum·
759 543 941 626 Γέγραπται
963 541 1025 625 γὰρ
1054 539 1172 618 οὗτοι*

122 660 247 726 broeris
275 662 345 733 τοὺς
368 659 529 739 ἀγγέλους
551 664 645 728 αὐτοῦ
668 658 836 737 orvedum
861 657 916 723 eal
941 659 1013 730 eche
1032 672 1169 740 raresce-

126 774 201 849 γοὺς
216 776 317 839 edred
332 775 422 854 ποιὸς
439 773 586 858 φλόγας·
609 773 659 839 ἐπὶ
679 775 712 840 δὲ
729 774 770 855 τῷ
786 773 838 854 tre
859 774 955 839 αὐτοῦ
972 767 1068 843 οὕτως
1085 767 1170 838 εἶπεν

125 887 329 964 ὃδεοπόιης·
354 887 413 960 υἱός
440 912 499 969 μου
521 884 551 954 el
567 888 626 962 σὺ,
659 887 720 963 ἐγὼ
746 886 874 968 σήμερον
902 885 1080 965 emensae
1107 904 1167 963 eet

126 998 190 1062 ofr.
209 997 314 1062 Hebr.
336 996 371 1077 l,
393 1000 412 1064 3
435 1020 516 1088 sqq.
561 998 633 1062 Nec
654 1019 724 1062 non
743 993 851 1063 solum
870 995 907 1065 in
925 993 1068 1083 singulis
1086 991 1169 1065 locis

126 1108 269 1195 epistola
298 1107 483 1176 Clementis
512 1135 590 1190 cum
625 1127 741 1175 nostra
775 1106 989 1186 concordat,
1018 1105 1081 1174 sed
1100 1123 1171 1174 tota

121 1221 225 1319 series
251 1223 460 1291 tractationis
480 1225 518 1290 in
541 1226 607 1290 ista
633 1221 776 1312 epistola
805 1239 957 1290 nostram
976 1236 1163 1304 sectatur,

124 1335 163 1401 in
184 1358 224 1402 co
246 1336 482 1405 tantummodo
501 1338 634 1406 diversa
650 1356 702 1404 est
720 1355 867 1427 utraque
890 1334 1056 1431 epistola,
1070 1329 1168 1428 quod

125 1448 273 1539 epistola
293 1449 478 1518 Clementis
501 1469 552 1518 est
570 1450 696 1529 fusior,
719 1450 892 1519 verbosior
909 1465 944 1518 et
962 1447 1078 1516 multis
1098 1471 1169 1513 am·

122 1563 266 1650 hagibus
297 1566 446 1631 animum
469 1564 606 1633 lectoris
628 1566 757 1650 fatigat.
803 1564 860 1632 Oh
885 1565 976 1631 hanc
1004 1559 1170 1654 epistolae

128 1677 314 1748 Clementis
339 1699 416 1742 cum
439 1695 555 1746 nostra
581 1679 855 1747 convenientiam
876 1679 913 1743 in
938 1676 1082 1767 antiqua
1103 1694 1173 1741 ced

128 1774 249 1873 clesie,
275 1807 357 1857 teste
379 1789 527 1876 Origene
560 1793 660 1882 (18),
683 1792 843 1861 nonnulli
867 1793 1083 1860 Clementem
1102 1813 1171 1855 au·

129 1925 260 1982 ctorem
282 1921 419 1970 nostrae
436 1905 598 1992 epistolae
610 1908 695 1985 ..vel
719 1906 840 1974 saltem
866 1904 1106 1983 translatorem
1131 1925 1175 1975 ex

127 2011 327 2090 Aramaeica
353 2018 471 2117 lingua
492 2020 528 2085 in
550 2022 739 2103 Graecam,
767 2021 936 2088 fecerunt.

171 2132 239 2200 Sed
259 2132 415 2222 prolecto
443 2137 497 2214 is,
521 2139 581 2225 qui
610 2139 788 2229 epistolam
811 2133 854 2200 ad
879 2134 1052 2203 Hebraeos
1076 2135 1173 2202 sori-

129 2249 224 2335 psit,
257 2269 400 2331 prorsus
430 2244 514 2315 alius
540 2266 591 2315 est
620 2268 660 2312 ac
689 2247 845 2313 Clemens
873 2262 907 2313 et
940 2248 1034 2315 hunc
1066 2249 1172 2335 inge·

131 2361 192 2426 nio
211 2377 245 2424 et
267 2357 408 2431 dicendi
436 2358 638 2427 dexteritate
665 2358 764 2446 longe
793 2376 943 2450 superat.
987 2358 1179 2432 Clementis

130 2497 201 2539 non
232 2495 302 2539 esse
334 2473 511 2564 epistolam
539 2471 709 2539 velinde
739 2489 853 2562 patet,
885 2472 979 2562 quod
1005 2475 1180 2544 Clementi

130 2609 203 2652 aon
230 2588 430 2671 conveniat,
462 2587 555 2677 quod
591 2604 709 2654 auctor
735 2586 897 2676 epistolae
926 2605 1062 2657 nostrae
1096 2590 1174 2659 Ho-

131 2705 246 2771 hraeis
272 2726 306 2768 se
333 2703 528 2774 restitutum
548 2702 592 2767 iri
620 2716 737 2790 sperat
759 2717 889 2770 etcum
910 2703 1094 2774 Timotheo
1117 2704 1180 2775 la-

131 2817 311 2892 miliariter
327 2815 446 2883 ¹vivere
465 2815 591 2895 innuit,
1098 2838 1101 2843 ·

175 2932 251 2996 Jam
272 2931 300 2996 si
320 2927 510 2996 secundum
531 2929 765 2999 auctoritatem
787 2929 954 2998 Dodwelli
973 2949 1007 2999 et
1028 2931 1176 3004 aliorum

135 3069 321 3127 sumamus,
342 3041 553 3110 Clementem
567 3042 669 3133 paulo
684 3060 763 3133 post
777 3045 909 3115 obitum
917 3044 1012 3116 Pauli
1027 3047 1181 3137 Episto·.

132 3159 201 3227 lam
225 3159 268 3225 ad
293 3156 491 3240 Corinthios
513 3156 705 3245 scripsisse,
731 3179 802 3224 non
820 3156 991 3244 videmus,
1008 3161 1106 3231 unde
1125 3162 1178 3231 illi

132 3271 324 3366 Epistolam
341 3269 385 3357 ad
408 3270 603 3367 Hebraeos,
623 3294 665 3340 ex
684 3295 751 3364 qua
768 3286 820 3338 tot
835 3275 1019 3343 sententias
1040 3275 1175 3366 hausit,

232 3450 272 3484 „l
302 3469 312 3481 ι,

168 3555 243 3627 (ι8)
269 3554 392 3630 Origenes
410 3554 476 3624 apud
489 3555 585 3612 Βοιὼ.
600 3556 671 3615 llist.
687 3555 787 3615 llccles.
801 3555 915 3621 v1,25:
944 3556 988 3624 ‘H
1004 3558 1037 3622 <ll
1054 3559 1178 3626 οῑςῇμᾶς

134 3645 266 3708 φθάσασα
285 3643 394 3712 luteola
410 3644 465 3694 ιἰοιὸ
479 3645 561 3693 τινῶν
578 3643 627 3707 μὲν
646 3645 797 3712 λεγόντοιν,
816 3643 860 3693 ὅτι
872 3642 988 3710 Κλήμης
1002 3644 1017 3695 ὃ
1030 3646 1178 3711 γενόμενος

135 3734 281 3788 ἐπίσκοπος
296 3731 440 3794 Ῥωμαίων
452 3731 556 3800 ἔγραψε
572 3735 675 3799 vestm
677 3733 785 3798 στολήν.
802 3729 1069 3796 llieronymmCatal.
1079 3733 1176 3805 δαίμ.

135 3818 234 3874 Eccita.
245 3817 291 3871 suh
302 3835 363 3874 rote
372 3817 482 3871 Paulus.
500 3838 513 3871 ο
526 3816 735 3890 Epistola,quac
748 3818 832 3872 fartor
843 3817 875 3871 ad
884 3816 1014 3871 Hebraeos
1023 3819 1177 3888 ,nonl'aoll

136 3905 252 3979 creditur
271 3916 375 3974 propter
391 3901 453 3972 styli
470 3914 499 3956 et
517 3903 643 3958 seimonis
664 3905 832 3968 distantiam,
849 3906 894 3960 sed
909 3907 950 3959 vel
963 3860 1116 3977 Barichae,
1136 3906 1178 3963 rel

135 3975 238 4060 Lucae,
255 3991 296 4045 vel
310 3990 448 4046 Clementis
464 3989 572 4067 Romani
581 4009 682 4070 ‚qnam
696 3992 772 4070 ajunt
786 3996 926 4074 sententias
942 3992 1053 4077 apostoli
1069 3993 1181 4098 oropriq

136 4078 268 4146 ordinasse
287 4089 314 4132 et
329 4096 432 4135 οιιιιιο
446 4081 592 4135 sermoncl'
