2604 4740
554 364 730 452 (124)

126 559 171 624 uh
196 571 387 620 connexum
409 570 487 613 oum
512 542 793 612 antecedentibus
807 560 841 611 et
854 543 1001 639 pressius
1021 544 1066 613 sd
1082 561 1164 614 ver«

59 708 64 715 -
122 669 168 743 ba
190 669 264 760 ipsa
290 661 334 730 de
355 662 434 735 Jesu
458 663 534 748 ipso
558 657 762 754 explicanda
783 680 852 726 esse
871 675 973 748 puto,
1001 676 1040 727 ut
1060 659 1158 734 Jesus

125 797 268 850 uocetur
297 798 436 862 semper
459 774 574 855 idem,
597 796 730 862 semper
751 773 816 837 sibi
836 788 993 840 constans
1014 790 1050 841 ct
1077 773 1165 841 hinc

129 892 276 964 maxima
298 885 495 964 imitandus.
539 890 720 970 Ἡγούμενοι
739 885 864 972 vestri,
885 887 1022 978 inquit,
1045 888 1091 956 ob
1114 888 1162 955 fi·

130 1007 188 1075 dei
216 1022 250 1073 et
283 999 464 1093 probitatis
496 1000 720 1066 constantiam
748 999 905 1066 imitandi
935 1019 1038 1079 sunt,
1069 1002 1170 1070 inter·

126 1119 192 1194 hos
219 1118 405 1202 ἡγουμένους
434 1134 516 1180 vero
539 1130 590 1186 est
618 1117 880 1200 antesignanus,
909 1118 1050 1201 ἀρχηγὸς
1069 1115 1171 1183 Josua

130 1234 314 1315 Christus3
338 1228 397 1294 hic
416 1245 467 1294 est
486 1228 642 1295 omnibus
667 1231 817 1295 numeris
836 1227 1026 1295 ahsolutum
1045 1249 1167 1296 exem·

129 1322 229 1440 plum
253 1342 340 1410 vites
362 1359 398 1408 et
426 1341 508 1409 fidei
527 1359 562 1409 et
591 1342 798 1414 constantiae
824 1342 861 1407 in
889 1340 1090 1432 fidensque
1120 1339 1166 1408 ad

26 1456 29 1464 ’
132 1475 302 1545 mortem3
326 1455 384 1524 laic
406 1454 473 1528 fuit
498 1476 633 1544 semper
655 1454 771 1532 idom,
794 1479 928 1546 semper
956 1454 1022 1523 sibi
1044 1477 1111 1545 par
1132 1468 1172 1525 et

132 1589 304 1647 constans.
349 1569 465 1658 Atque
489 1566 555 1636 hoc
577 1569 689 1658 ipsum
711 1570 1009 1652 «attenuatam,
1030 1588 1176 1656 sempor·

72 1693 74 1695 ’
131 1684 281 1770 eundem
313 1704 407 1766 esse,
442 1703 550 1747 unum
579 1682 685 1748 esse”
719 1681 816 1750 valde
859 1680 1132 1752 commendatur·
1150 1705 1173 1751 a

135 1798 270 1887 Stoicis.
292 1797 423 1869 Seneca
443 1795 555 1887 Epist.
574 1818 696 1875 raosfa
712 1797 954 1885 (intelligimus
976 1798 1013 1863 in
1032 1794 1177 1885 aliquo)

132 1912 326 2009 perfectam
358 1933 430 1981 esse
459 1911 643 1989 virtutem,
673 1913 747 1998 (si)
775 1914 871 1980 idem
895 1926 977 1984 erat
1011 1920 1178 1999 sempor*

133 2043 172 2104 ot
207 2030 246 2094 iu
274 2024 368 2093 omni
402 2039 480 2094 actu
505 2044 569 2111 par
595 2025 671 2105 sibi.
702 2063 743 2084 -
781 2029 944 2112 Magnam
975 2031 1053 2093 rem
1084 2039 1174 2114 puta

34 2150 39 2162 '
135 2162 250 2221 unum
261 2139 435 2207 hominem
447 2158 556 2223 agere.
578 2137 716 2206 Praeter
730 2140 920 2234 sapientem
935 2163 1039 2208 nemo
1051 2161 1170 2206 unum

134 2257 227 2342 agit3
261 2251 387 2327 caeteri
411 2247 635 2321 multiformes
657 2275 782 2320 sumus.
827 2255 997 2322 Mutamus
1019 2249 1177 2318 subinde

132 2389 319 2460 personam
341 2378 377 2438 et
397 2363 604 2436 contrariam
620 2365 653 2431 ei
677 2369 859 2448 sumimus,
882 2391 984 2458 quam
1004 2365 1179 2447 exuimus„

131 2481 210 2551 Hoc
229 2498 312 2564 ergo
330 2502 349 2541 a
365 2491 397 2542 te
415 2476 532 2562 exigo,
552 2493 610 2560 ut,
635 2478 770 2568 qualem
791 2484 983 2550 institueris
997 2496 1179 2570 praestare

136 2612 190 2671 te,
215 2592 316 2659 talem
331 2588 501 2680 usquead
520 2594 658 2665 exitam
676 2617 799 2662 serves.
843 2597 894 2662 De
913 2593 1050 2685 aliquo,
1067 2617 1178 2682 quem

130 2707 249 2778 visan
271 2706 372 2786 aas,
394 2687 516 2772 atrito
540 2705 610 2771 ani
631 2724 744 2796 poan
769 2707 942 2798 (nocie).
973 2703 1062 2797 Qun
1081 2706 1173 2787 aar

38 2822 42 2828 ’
133 2825 249 2896 Tanta
277 2819 424 2892 mutatio
442 2819 531 2890 eat.”
584 2819 694 2909 Epist.
718 2823 782 2890 542
819 2825 946 2896 «Ante
967 2821 1081 2889 omnia
1103 2821 1172 2889 hcc

135 2958 237 3016 cura,
258 2948 298 3003 ut
331 2947 471 3005 constet
503 2932 580 2999 tihi.
625 2934 773 3022 Quoties,
800 2917 964 3032 experiri
982 2936 1096 3021 voles,
1125 2960 1176 3004 an

135 3045 267 3138 aliquid
292 3061 406 3113 actum
431 3044 494 3129 sit,
525 3045 688 3132 observa,
723 3075 766 3120 an
791 3049 908 3118 eadem
934 3050 1017 3137 velis
1039 3051 1174 3135 leodic.

135 3187 224 3257 quae
240 3160 361 3238 heri?
393 3161 504 3250 Epist.
526 3181 595 3228 20:
632 3190 651 3232 u
670 3162 764 3252 Quid
786 3182 836 3231 est
855 3164 1041 3259 sapientia?
1055 3207 1063 3244 .·
1077 3165 1174 3234 Sem·

134 3300 200 3374 per
227 3274 319 3343 idem
352 3271 438 3341 vello
469 3290 572 3364 atque
602 3275 694 3345 idem
722 3279 853 3347 notte.”
873 3337 876 3344 .
897 3281 975 3356 Vita
1009 3277 1178 3367 sapientia

137 3395 250 3467 nnius,
281 3388 389 3479 quasi
422 3390 548 3457 coloris
574 3406 637 3457 est.
669 3433 707 3453 -
740 3395 926 3460 Maximum
962 3391 1029 3458 hoc
1055 3409 1107 3459 est
1134 3405 1178 3469 ει,

137 3505 286 3586 officium
306 3515 341 3568 et
363 3501 530 3571 indicium
553 3503 757 3597 sapientiae.
778 3522 817 3573 ut
840 3504 986 3594 (aliquis
1000 3508 1020 3593 )
1039 3505 1179 3592 ubique.

142 3642 207 3716 par
228 3618 295 3684 sibi
315 3614 477 3702 idemque
498 3614 553 3685 sit.

180 3732 288 3799 Versu
312 3755 345 3820 9.
368 3724 527 3794 additare
564 3732 723 3815 Διδαχαῖσ
747 3732 899 3806 ποικίλαις
927 3732 979 3800 aui
1005 3732 1107 3810 ξέναις
1126 3735 1176 3815 μὶ

142 3846 362 3932 περιφέρεσθε·
395 3846 498 3921 Καλὸν
521 3848 584 3928 γὰρ
601 3847 708 3930 χάριτι
731 3848 934 3928 βεβαιοῦσθαι
951 3849 1004 3922 τὴν
1027 3847 1179 3931 καρδίαν,

141 3982 173 4038 a.
192 3981 224 4038 r.
250 3971 283 4038 tt·
326 3952 460 4049 Nempe
481 3957 509 4024 si
529 3957 644 4025 Jesum
675 3978 808 4052 semper
832 3953 977 4035 eundem
1002 3973 1036 4020 et
1066 3978 1184 4040 unum
