2604 4740
569 400 761 492 (Πό)

145 573 273 654 imitari
291 598 326 652 et
346 586 401 652 ita
412 583 456 653 ad
473 584 868 680 altiorem⁸perfectionis
889 588 1033 677 gradum
1051 607 1181 663 ascen&
1254 573 1256 577 Ι

143 700 229 768 dere
251 696 415 785 velimus3
441 715 571 767 certum
587 698 688 766 etiem
706 699 876 786 judicium
895 699 939 769 de
956 727 1037 774 vero
1057 723 1093 774 et
1109 704 1181 774 fala.

145 837 183 882 ro
204 813 432 902 adipiscamur
458 832 595 878 necesse
613 827 674 881 est.
709 813 838 881 Seneca
857 814 956 904 epist.
977 819 1040 905 95⁸
1063 846 1082 890 a
1100 819 1180 885 Non
1247 793 1250 797 ,

143 927 311 1013 contingit
331 921 563 1014 tranquillitas
580 925 702 991 mentis
722 950 764 992 ex
780 929 906 995 virtute
929 927 1095 1015 oriunda,
1113 932 1181 999 nisi
1255 987 1258 993 ,

141 1038 349 1109 immutabile
375 1053 573 1124 certumque
596 1037 765 1122 judicium
787 1040 944 1131 adeptist
969 1045 1094 1108 caeteri
1108 1040 1182 1112 de·

140 1150 262 1233 cidunt
280 1150 430 1217 subinde
452 1168 487 1217 et
510 1168 727 1239 reponuntur
750 1168 786 1220 et
807 1153 898 1220 inter
920 1156 1037 1221 omissa
1062 1177 1180 1245 appe·-

141 1264 288 1352 titaque,
312 1263 534 1329 fluctuantur.
590 1262 628 1330 Si
666 1262 715 1332 ris
752 1263 872 1331 eadem
904 1285 1040 1353 semper
1070 1263 1183 1354 velle,

139 1400 221 1445 vera
236 1391 374 1466 oportet
390 1372 512 1443 relis.''
556 1373 667 1466 Epist.
688 1376 751 1442 διε
786 1403 805 1445 a
822 1374 978 1442 Perfecta
995 1377 1103 1446 virtus
1124 1394 1178 1446 est

141 1487 345 1578 aequalitas,
370 1501 406 1552 et
428 1503 524 1556 tenor
545 1487 634 1554 vitae
656 1488 850 1581 peremnia
871 1488 937 1554 sibi
963 1511 1182 1576 consonans,

140 1598 234 1690 quod
258 1620 328 1675 non
348 1615 577 1686 potestesse,
610 1600 678 1669 nisi
703 1624 821 1670 rernm
839 1601 982 1669 scientia
1000 1602 1178 1690 contingat

138 1730 171 1781 et
184 1734 268 1790 ars,
289 1735 354 1801 per
375 1736 478 1804 quam
499 1711 617 1792 divina
638 1730 674 1781 et
694 1715 843 1782 humana
864 1716 1089 1783 noscantur.”

142 1886 146 1893 .
178 1823 237 1894 Ad
257 1847 307 1893 vs.
329 1846 350 1913 7
369 1840 404 1891 et
434 1849 487 1912 17.
524 1827 671 1915 'Quanta
688 1827 879 1893 reverentia
896 1827 1029 1896 Seneca
1048 1826 1170 1912 colue-

139 1940 184 2006 rit
207 1931 400 2032 'sapientiae
432 1934 610 2018 doctores,
640 1935 679 2006 id
711 1948 754 2004 cx
775 1935 893 2004 multis
923 1960 1069 2027 opernm
1101 1941 1176 2025 ejus

138 2049 219 2119 locis
239 2067 345 2145 patet.
386 2049 499 2138 Epist.
520 2049 581 2118 64:
616 2079 633 2120 o
654 2050 814 2139 (Quibus
835 2050 1037 2138 sapientiam
1059 2050 1173 2118 debe-

138 2165 257 2253 tnus),
277 2162 303 2226 ii
324 2158 535 2255 suspiciendi
553 2178 587 2227 et
601 2163 674 2228 ritu
689 2167 837 2231 Deorum
859 2161 1005 2231 colendi.
1037 2153 1175 2251 Quidni

136 2301 197 2367 ego
229 2299 433 2362 magnorum
461 2275 613 2345 virorum
639 2293 673 2344 et
698 2277 858 2364 imagines
879 2274 1023 2347 habeam
1044 2274 1176 2340 incita·

136 2408 249 2458 menta
262 2388 417 2467 virtutis,
435 2405 469 2455 et
489 2389 616 2454 natales
635 2387 833 2458 celebrem?
860 2388 995 2479 Quidni
1009 2386 1084 2455 illos
1104 2388 1175 2455 bo-

135 2506 228 2573 noris
254 2525 354 2571 causa
375 2523 508 2589 semper
535 2500 731 2593 appellem?
776 2504 890 2585 Quam
921 2501 1175 2570 venerationem

133 2614 421 2714 praeceptoribus
446 2615 528 2681 meis
548 2612 682 2696 debeo,
706 2614 852 2681 eandem
873 2611 941 2680 illis
960 2631 1172 2704 praecepto·

131 2735 229 2809 ribus
249 2732 381 2821 generis
400 2726 563 2811 humani,
585 2751 604 2790 a
629 2724 752 2815 quibus
776 2725 864 2791 tanti
883 2724 967 2791 boni
983 2724 1081 2789 initia
1097 2725 1171 2790 flu·

131 2863 277 2931 xerana3
309 2844 347 2913 Si
368 2836 541 2906 consulem
562 2837 683 2906 videro
707 2856 764 2907 aut
785 2855 1002 2927 praetorem,
1026 2837 1171 2922 omnia,

128 2962 256 3051 quibus
281 2958 394 3024 honor
412 2944 535 3016 haberi
556 2949 680 3047 honori
700 2951 807 3035 solet,
829 2951 970 3034 faciam,
994 2973 1083 3041 equo
1101 2951 1172 3017 de·

128 3070 260 3154 ailiam,
279 3062 383 3157 caput
401 3063 619 3159 adaperiam,
639 3066 758 3131 semita
779 3061 908 3132 cedam.
944 3066 1040 3155 Quid
1061 3069 1168 3156 ergo?

125 3180 287 3255 Marcum
300 3183 465 3249 Catonem
477 3193 682 3267 utrumque,
697 3192 732 3242 et
745 3159 896 3241 Laelium
907 3178 1115 3270 sapientem,
1133 3195 1170 3249 et
1260 3249 1261 3253 ,

129 3286 309 3364 Socratem
329 3314 407 3358 cum
426 3290 589 3373 Platone,
609 3307 642 3356 et
654 3275 1111 3387 ZenonemCleanthemque
1128 3298 1167 3363 in

127 3407 284 3474 animum
324 3430 436 3477 meum
473 3404 545 3472 sine
577 3401 775 3490 dignatione
809 3421 939 3468 summa
970 3401 1164 3497 recipiam?

127 3510 203 3605 Ego
230 3506 313 3586 vero
336 3515 411 3584 illos
433 3498 640 3609 venerorlct
668 3512 770 3578 tantis
801 3513 999 3582 nominibus
1027 3539 1163 3608 temper

125 3622 305 3724 assurgo?
346 3622 476 3697 'Mirum
504 3626 624 3696 habuit
650 3625 795 3704 multos,
818 3624 912 3716 quod
937 3626 973 3693 in
993 3652 1093 3696 versu
1118 3655 1162 3721 7,

125 3768 168 3831 17
190 3760 225 3810 et
245 3744 300 3811 24.
332 3744 499 3810 antistites
532 3756 646 3809 coetus
678 3731 866 3822 Christiani
902 3744 1064 3825 ἡγούμενοι
1092 3732 1160 3812 v0.'

124 3873 269 3938 centur,
291 3879 368 3922 cum
388 3878 555 3941 nusquam
576 3842 611 3917 in
636 3851 680 3916 N.
705 3850 747 3920 Τ.
776 3851 825 3916 sic
854 3850 1095 3942 appellentur,
1123 3873 1159 3926 et

120 3963 161 4034 in
188 3966 328 4034 caeteris
359 3962 507 4033 Paulinis
536 3956 686 4053 epistolis
713 3963 912 4050 πρεσβύτεροι
937 3979 972 4034 et
995 3965 1155 4044 inlustrat
