2604 4740
413 389 669 478 ¹(²⁰1)

49 576 194 665 legendi
236 571 291 643 vel
327 570 499 664 exemplar
534 576 607 659 ejus
644 574 709 640 sibi
745 573 967 662 comparandi
1000 577 1110 664 copia‘·

57 691 242 773 lactarit,
273 687 338 754 nisi
366 702 567 768 statuamus,
598 690 722 754 Romae
745 687 923 778 epistolam
950 705 1108 759 nostrane

60 805 250 892 scriptam,
284 817 318 866 et
347 817 527 888 antequam
555 799 599 866 ad
627 800 800 867 Hebraeos
839 801 1051 884 mitteretur,
1084 822 1107 868 ι’

61 917 241 988 Clemente
262 916 315 982 vel
342 912 465 980 lectam
485 913 538 979 vel
559 916 798 1003 transcriptam
820 937 905 982 esse.

107 1031 195 1097 Cum
211 1029 278 1095 hoc
298 1025 376 1094 loco
400 1028 634 1094 tantummodo
656 1029 807 1122 probare
827 1027 1003 1109 studeam,
1025 1028 1113 1117 epi-·

60 1143 183 1223 stolam
213 1158 364 1209 nostram
398 1142 525 1208 Romae
556 1144 723 1234 scriptam
757 1167 847 1221 esse,
870 1165 941 1208 non
973 1159 1024 1208 est
1044 1166 1105 1208 re·

57 1253 303 1350 spondendum
325 1254 513 1339 objectioni
540 1277 680 1334 eorum,
707 1260 766 1350 qui
792 1258 935 1324 dienati
961 1259 989 1323 si
1003 1255 1111 1324 -Pauli

59 1388 148 1444 esset
167 1368 331 1465 epistola,
356 1367 513 1451 Clemens
537 1371 574 1434 in
597 1369 703 1452 locis,
729 1394 813 1463 quos
836 1397 879 1438 ex
899 1370 956 1437 illa
983 1370 1108 1451 affert,

61 1487 207 1554 Paulum
224 1487 442 1555 nominasset.
488 1481 627 1551 Scilicet
644 1500 679 1551 et
695 1483 759 1551 alia
783 1485 876 1553 dicta
896 1486 1110 1574 scriptorum‘

60 1602 107 1670 Ν.
132 1603 179 1671 Τ.
196 1599 325 1682 refert,
347 1620 461 1686 neque
483 1621 539 1665 eos
561 1600 726 1666 nominat.
762 1577 765 1582 Ι

106 1718 169 1802 p.)
198 1714 323 1780 Romae
347 1713 511 1800 scriptam
539 1731 611 1777 esse
640 1713 839 1799 epistolam,
860 1715 976 1806 plures
1004 1714 1110 1781 etiam
1193 1728 1198 1735 ’

61 1803 183 1896 Patres
205 1825 450 1908 crediderunt,
473 1849 503 1891 e.
523 1848 554 1911 g·
577 1825 838 1915 Chrysostomns
861 1833 898 1895 in
929 1829 1106 1895 Prooemio

59 1942 107 2022 ad
128 1940 289 2010 Humilias
313 1943 351 2007 in
374 1938 561 2029 Epistulam
585 1939 629 2005 ad
650 1942 747 2008 Rom.
774 1944 874 2010 Tom.
895 1946 957 2013 IV.
979 1941 1107 2009 Hamil.-

58 2059 99 2126 in
122 2058 165 2125 N.
185 2059 230 2124 Τ.
258 2080 294 2145 p.
315 2059 347 2123 5.
368 2053 464 2120 edin.
488 2053 728 2124 Franeolurt.=
771 2060 832 2128 Kal
851 2061 1005 2144 ‘Esspalota
1026 2061 1104 2126 taeta
1127 2097 1136 2116 .

61 2178 112 2243 θεν
129 2175 238 2256 ipsius
262 2168 412 2254 (seilicet
440 2174 503 2241 oiri
526 2168 668 2253 Ῥὧμηςξ,
687 2172 775 2236 sicut
800 2171 1105 2264 Philippensibus)
1212 2250 1217 2256 .

61 2285 232 2374 scripsite
251 2285 491 2371 Theeduretus
515 2285 657 2352 Praestat.
679 2285 715 2348 in
743 2285 851 2374 Epist.
875 2285 980 2352 Pauli.

108 2399 180 2484 G.)
200 2399 276 2466 lam
298 2401 345 2481 si,
364 2400 481 2490 positis
503 2400 562 2476 iis,
587 2423 675 2489 quae
698 2402 862 2494 exposui,
885 2398 1104 2468 statuendum

59 2528 132 2592 est,
158 2510 280 2580 eodem
304 2531 457 2601 tempore
478 2531 512 2580 et
533 2511 626 2589 loco,
656 2535 725 2604 quo
757 2512 964 2579 familiaritas
991 2493 1100 2605 qrrae·

60 2627 143 2703 dam
162 2625 312 2695 Senecae
335 2645 370 2695 et
387 2626 484 2693 Pauli
500 2628 652 2694 extitisse
678 2626 825 2692 traditur
842 2645 876 2694 et
896 2645 1010 2693 extare
1033 2638 1104 2719 po&
1166 2615 1168 2617 ’

59 2742 149 2825 tuit,
171 2764 299 2830 nempe
319 2743 445 2809 Romae
468 2759 505 2839 et
525 2759 678 2830 tempore
697 2741 905 2830 captivitatis
921 2739 1015 2806 Pauli
1033 2742 1106 2808 Roo

59 2878 201 2935 manae,
222 2856 388 2944 scriptam
405 2878 476 2922 esse
495 2872 646 2922 nostram
663 2852 865 2942 epistolam,
890 2872 1008 2920 auctor
1025 2857 1106 2941 ejus⁴

60 2968 222 3042 detentus
241 2971 367 3037 Romae
383 2969 421 3033 in
440 2967 604 3052 vinculis,
624 2987 658 3034 et
681 2968 821 3058 quidem
833 2969 869 3034 in
889 2969 964 3036 aula
979 2972 1103 3038 Caesa·

58 3084 124 3163 ris,
147 3099 240 3150 certe
257 3084 307 3151 ibi
331 3106 465 3151 causam
490 3106 583 3149 suam
606 3081 750 3159 dicens,
773 3087 984 3152 occasionem
1006 3086 1105 3151 mul--

59 3209 128 3265 tam
150 3197 289 3275 habuit,
312 3199 497 3276 Senecam,
519 3198 671 3286 quitum
693 3197 854 3286 temporis
873 3197 987 3265 adhue
1008 3198 1102 3266 inter

56 3312 150 3380 vivos
168 3309 234 3378 fuit
258 3329 293 3379 et
316 3311 425 3378 aulam
450 3310 604 3377 Caesaris
620 3310 721 3375 officii
746 3335 845 3378 causa
862 3313 1007 3381 multum
1030 3315 1103 3380 free

58 3426 259 3519 quentavit,
281 3423 445 3508 videndi,
469 3423 722 3510 cognoscendi,
746 3449 823 3493 cum
840 3451 881 3493 eo
903 3427 1099 3516 colloquen.

57 3541 94 3608 di
130 3541 273 3630 ejusque
305 3541 435 3629 scripta
466 3539 614 3626 legendi.
666 3541 754 3605 Nam
780 3541 945 3632 pleraque
971 3542 1103 3632 scripte

61 3654 214 3722 Senecae
234 3671 303 3720 tum
324 3654 507 3740 temporis,
525 3656 667 3722 ann065
690 3653 742 3719 vel
756 3657 798 3723 64
820 3680 856 3744 p.
875 3655 959 3720 Chr.
977 3680 1011 3722 u.
1033 3657 1104 3741 jam

54 3784 195 3838 exarata
215 3784 315 3833 erant
334 3768 386 3833 vel
403 3769 643 3836 exarabantur.
688 3768 884 3837 Verisimile
901 3785 973 3850 est,
997 3793 1101 3859 opera

56 3882 231 3970 Senecpe.
265 3905 351 3969 quae
378 3899 514 3966 extant,
547 3885 660 3948 omnia
690 3899 767 3947 ante
795 3883 995 3949 incendium
1024 3888 1102 3951 Ros

50 3995 412 4073 maeNeronianum,
439 3994 533 4086 qnod
563 3997 600 4060 in
632 4013 755 4062 aestate
781 4001 861 4066 anni
883 4001 924 4066 63
949 4000 1102 4082 accidit,

43 4113 124 4219 jam
150 4125 287 4185 exarata
308 4133 392 4178 esse.
438 4111 526 4180 Nam
555 4110 714 4198 nuspiam
740 4110 842 4197 hujus
878 4115 1031 4182 incendii
1062 4117 1100 4184 in
1182 4184 1184 4188 Α
