2604 4740
589 414 846 503 (105)'

165 601 268 682 dea't,
291 597 460 665 habeatur
481 598 545 685 (54
562 599 588 687 ).
633 599 783 667 Multum
805 599 934 667 Seneca
953 600 1055 668 etiam
1077 603 1122 672 de
1145 606 1204 675 die

162 714 284 783 vmortis
295 731 455 802 tanquam
468 710 523 778 die
533 711 726 812 decretorio
734 714 903 806 loquitur.
923 715 1033 803 Epist.
1044 719 1099 786 26:
1115 748 1132 790 o
1150 721 1202 788 lta

162 852 239 912 mo,
262 829 397 919 inquit,
420 823 563 891 observo
586 845 619 894 et
636 828 813 921 alloquor,
836 829 928 897 velut
942 833 1199 925 appropinquet

160 941 432 1034 experimentum
451 956 485 1006 et
505 939 562 1005 ille
576 944 718 1010 laturam
737 948 954 1011 ceurentium
972 943 1015 1011 do
1039 949 1196 1015 omnibus

159 1055 260 1122 annis
284 1055 367 1120 meis
397 1057 474 1120 dieo
501 1056 645 1123 venerit.
675 1091 719 1106 -
745 1061 894 1126 Remove
913 1058 1195 1132 existimationem

108 1256 112 1264 ἱ
156 1169 360 1256 hominum3
385 1169 489 1235 dubia
511 1194 644 1258 semper
664 1186 716 1236 est
737 1188 771 1237 et
792 1173 829 1238 in
853 1191 987 1264 partem
1010 1192 1192 1269 utramque

155 1281 498 1354 dividuum-Mors
519 1284 561 1350 de
584 1301 617 1351 te
638 1288 902 1374 pronuntiatura
921 1304 984 1358 est.
1007 1290 1104 1380 Quid
1117 1315 1191 1378 ege·

152 1398 223 1484 ria,
247 1413 331 1464 tunc
352 1398 552 1487 apparebit,
575 1422 682 1488 quum
704 1402 850 1469 animam
869 1427 955 1488 ages.
978 1442 1022 1456 —
1044 1407 1190 1497 Accipio

153 1512 409 1590 conditionem,
431 1537 501 1579 non
521 1513 710 1581 reformido
730 1513 908 1601 judicium.
921 1517 945 1548 ''
988 1520 1100 1590 Multo
1120 1523 1190 1591 evi.

152 1626 291 1696 dontius
315 1625 358 1692 de
379 1643 487 1695 morte
503 1645 666 1719 tanquam
690 1627 885 1740 decretorio
903 1629 979 1715 die,
998 1651 1033 1702 ct
1049 1634 1094 1701 ad
1117 1635 1187 1705 do·
1245 1621 1248 1628 ⁴

153 1740 454 1831 gmitaReligionis
467 1742 1049 1832 Christianaeaccommodatissime,
1061 1750 1186 1817 scribit
1230 1813 1233 1818 .
1289 1798 1292 1803 -

148 1857 188 1924 in
206 1857 317 1949 Epist.
339 1878 424 1924 rora
455 1858 578 1928 «Cum
600 1856 732 1925 venerit
752 1855 808 1926 ille
836 1857 929 1940 dies,
961 1863 1022 1949 qui
1041 1858 1184 1932 mixtum
1228 1867 1231 1871 ’

146 1969 217 2038 hoc
237 1970 347 2039 divini
367 1970 577 2060 humanique
598 1965 772 2054 secernat,
796 1995 919 2065 corpus
939 1973 1022 2059 hoo,
1044 1977 1106 2041 ubi
1120 1981 1180 2043 in-

144 2083 248 2169 veni,
270 2081 483 2176 relinquam:
511 2088 584 2176 ipse
605 2111 659 2154 me
679 2087 751 2151 Diis
770 2083 927 2152 reddam.
958 2119 1003 2137 -
1031 2088 1098 2155 Per
1121 2091 1180 2157 has

141 2196 298 2266 mortalis
314 2201 386 2266 aevi
404 2223 513 2266 moras
533 2199 583 2264 iili
598 2199 730 2265 meliori
749 2199 835 2265 vitae
858 2197 1072 2292 longiorique
1088 2226 1177 2294 pro·

138 2310 286 2382 luditur.
339 2313 639 2404 Quemadmodum
658 2337 781 2382 novem
801 2313 974 2378 mensibus
1000 2339 1062 2381 nos
1085 2332 1181 2384 tenet

141 2444 321 2496 maternus
341 2444 476 2506 uterus,
496 2446 530 2496 et
548 2445 729 2522 praeparat
741 2449 811 2493 non
829 2427 918 2511 sihi,
941 2426 1002 2495 sed
1016 2426 1173 2508 illiloco,

139 2542 185 2625 in
205 2544 308 2636 quem
326 2544 477 2614 videmus
506 2542 637 2626 emitti,
671 2580 715 2594 -
746 2543 795 2608 sic
824 2564 888 2628 per
915 2541 981 2608 hoo
1005 2547 1176 2632 spatium,

140 2659 239 2752 quod
258 2661 301 2725 ab
324 2657 470 2724 infantia
490 2673 585 2747 patet
605 2659 642 2722 in
660 2671 891 2738 senectutem,
914 2655 951 2718 in
972 2654 1074 2723 aliurn
1095 2682 1172 2725 ma-

143 2773 342 2843 tuescimus
366 2789 515 2861 partum.
569 2770 648 2838 Alia
668 2770 762 2856 origo
786 2791 846 2835 nos
877 2784 1057 2856 expectat,
1088 2770 1173 2839 aliua

134 2913 256 2958 rerum
275 2903 391 2955 status.
444 2885 608 2952 Nondum
638 2881 789 2962 eoelum,
826 2884 892 2949 nisi
920 2905 961 2949 ex
993 2882 1174 2954 intervallo

131 3005 209 3096 pati
226 3024 410 3097 poscumus.
452 2998 601 3066 Proinde
620 2996 813 3086 intrepidus
833 2997 961 3063 horam
981 2998 1080 3064 illam
1102 2998 1170 3064 de·

132 3119 332 3188 cretoriam
354 3114 530 3202 (κριτικὴν)
551 3115 737 3206 prospicez
762 3134 833 3176 non
853 3127 904 3176 est
915 3113 1025 3177 animo
1043 3136 1168 3204 supre-

128 3257 213 3317 ma,
246 3227 307 3298 sed
330 3228 477 3317 corpori.
533 3223 713 3315 Quicquid
738 3225 828 3290 circa
849 3239 880 3289 te
908 3225 1000 3309 jacet
1026 3249 1166 3308 rerum,

129 3366 309 3438 tamquam
330 3344 522 3433 hospitalia
555 3341 623 3406 loci
657 3337 823 3406 sarcinae
855 3338 989 3428 (ὄγκον)
1023 3357 1164 3432 ερεοῑες

131 3458 383 3532 transeundum
402 3475 464 3525 est.
509 3453 648 3522 Excutit
674 3453 880 3522 redeuutem
901 3471 1048 3538 natura,
1078 3455 1167 3524 sicut

140 3657 345 3676 μ

167 3783 237 3856 (34)
258 3782 316 3853 Ipse
333 3779 524 3836 Schulaiut
541 3779 588 3836 lib.
603 3778 674 3838 laud.
692 3798 717 3850 p.
728 3781 770 3850 95.
787 3777 934 3848 contendit,
954 3777 980 3830 in
991 3776 1098 3848 epistola
1114 3795 1164 3834 oo-

126 3883 182 3932 atn
198 3889 251 3924 non
262 3888 407 3924 sermonem
424 3885 477 3946 ttae
492 3867 523 3920 de
538 3867 724 3921 rerurrectione
737 3885 872 3937 corporum
885 3866 947 3918 olim
967 3862 1055 3918 sutura
1073 3876 1100 3919 at
1118 3866 1163 3934 ju·-

125 3959 194 4012 dieio
212 3969 326 4012 extremo
343 3957 407 4010 hanc
424 3953 609 4016 subsecuturo,
626 3966 652 4009 et
667 3955 815 4018 πνεύματα
829 3955 943 4004 δικαίων
953 3951 980 4004 in
993 3951 1073 4006 coelia
1087 3971 1161 4006 com-

124 4044 254 4099 morantia
271 4044 397 4113 eogitari,
412 4042 520 4113 ideoque
536 4053 646 4096 mortem
661 4040 773 4111 cujusvis
783 4038 1083 4110 tanquamdaerctoriunr
1092 4041 1159 4097 diem
1256 4063 1261 4077 i

121 4133 193 4203 poni.
229 4131 297 4192 Kui
307 4150 346 4192 no
357 4131 389 4185 el
404 4131 436 4189 ad
453 4131 480 4191 h.
497 4130 515 4187 l.
533 4129 762 4187 mecumtecum
779 4124 942 4198 suffragatur.
