2604 4740
529 379 545 480 l
587 394 630 464 ³⁵
672 391 687 479 t

87 589 223 656 &anone
246 580 287 648 56
309 560 457 643 Consilii
481 559 713 668 Hipponensis
737 573 804 665 595
825 571 946 642 habiti
957 575 1024 646 hoc
1043 588 1130 645 sani

93 687 200 763 uitam
223 707 293 758 esta
324 667 459 762 «Pauli
484 688 629 798 ιριιιιοΙί
649 688 813 780 epistolae
832 675 994 756 tredecim
1005 693 1132 776 ‚ejus-

94 783 178 873 dem
203 800 247 869 ad
268 800 438 868 Hebraeos
459 811 537 868 una.
542 799 565 834 '’
608 801 905 901 Hieronymus
931 817 965 868 et
994 803 1135 889 Augu·

93 919 244 1015 stinus
265 911 308 978 ad
329 913 494 998 originem
519 894 679 1001 epistolae
698 912 872 980 Paulinam
886 914 1135 998 agnoscendam

95 1029 202 1135 proni
225 1007 363 1116 quidem
385 1041 486 1106 sunt,
511 1023 570 1091 sed
586 1024 795 1089 mentione-m
813 1027 912 1091 etiam
932 1023 1075 1091 aliorum
1093 1023 1138 1092 de

97 1140 160 1208 illa
195 1137 426 1204 dubitantium
455 1118 595 1203 faciant.
637 1124 741 1224 Quod
764 1137 884 1202 attinet
906 1137 950 1204 ad
979 1141 1136 1207 Hiero-

93 1264 292 1344 nymum,
324 1265 443 1316 notatu
469 1247 613 1332 dignum
636 1266 687 1312 est
710 1249 782 1332 ejus
805 1249 972 1333 judicium
998 1256 1042 1321 de
1068 1255 1136 1325 hec
1164 1256 1168 1271 ¹

93 1359 267 1474 epistola,
290 1361 383 1452 qnod
404 1345 575 1450 legimus'
565 1385 601 1425 ιιι
620 1352 703 1447 ejus
712 1359 853 1452 epistola
874 1361 918 1443 ad
937 1366 1135 1436 Dardanum

95 1464 144 1545 T.
166 1460 230 1543 ΙΙΙ.
257 1499 293 1563 ιι
313 1471 370 1545 46
393 1478 435 1543 D.
461 1477 546 1544 edit.
571 1473 730 1541 Francos.
751 1491 785 1540 et
806 1476 900 1562 Lips.
923 1481 1026 1548 1684.
1052 1479 1134 1553 «Il-

91 1571 159 1659 ind
186 1588 310 1686 nostris
332 1571 518 1657 dicendum
535 1604 605 1656 este
629 1588 720 1653 hanc
735 1588 938 1678 epistolam,
963 1616 1049 1681 quae
1069 1595 1131 1659 in-

95 1704 269 1774 scribitur
290 1699 332 1768 ad
346 1703 559 1806 Hebraeos,
558 1726 628 1769 non
648 1699 756 1783 solum
775 1703 817 1767 ab
832 1702 982 1770 ecclesiis
1002 1707 1134 1774 Orien*

94 1806 168 1900 tis,
189 1797 249 1886 sed
268 1818 315 1884 ab
343 1802 500 1883 omnibus
524 1835 617 1883 retro
639 1815 874 1884 ecclesiasticis
905 1820 1029 1886 Graeci
1056 1845 1133 1887 ser

96 1934 211 2003 monis
242 1921 470 2025 scriptoribus
505 1931 602 2019 qnasi
635 1929 731 1994 Pauli
758 1932 900 2020 apostoli
929 1934 1067 2025 suscipi.
1092 1971 1133 1989 -

91 2040 236 2137 Quodsi
256 2071 329 2113 eam
359 2045 558 2110 Latinorum
578 2042 788 2111 consuetudo
809 2069 877 2112 non
896 2048 1020 2136 recipit
1039 2050 1134 2116 inter

93 2163 286 2252 scripturas
309 2157 487 2227 canonicas
508 2185 570 2242 -ι
597 2173 708 2222 tamen
730 2181 791 2225 nos
819 2161 1040 2250 suscipimus„
1063 2181 1131 2229 nea·-

97 2299 271 2373 qnaquam
287 2261 400 2365 liujus
418 2274 594 2360 tenqoorie
614 2274 928 2358 consuetudinem,
952 2276 1131 2359 sedpvete-

94 2414 186 2460 e‘ttm
208 2391 429 2477 scriptorum
454 2387 715 2453 auctoritatem
736 2404 940 2476 sequentes,
964 2391 1023 2482 qui
1052 2392 1131 2479 ple·

94 2510 246 2590 rumque
266 2501 339 2586 ejus
360 2499 549 2595 abutuntur
568 2497 788 2564 testimoniis:
813 2524 882 2568 non
902 2519 940 2568 ut
955 2500 1133 2581 interdum

93 2594 143 2680 de
162 2610 367 2702 apocryphis
388 2611 498 2679 facere
517 2608 627 2676 solent
645 2645 686 2661 ·-
704 2609 766 2678 sed
790 2613 888 2701 quasi
910 2615 1079 2695 canonicis
1097 2631 1132 2684 et

94 2723 373 2808 ecclesiasticisa’'
1089 2811 1092 2817 Ι

139 2837 278 2904 ludicat
303 2845 391 2922 e'rgo
418 2820 734 2924 Hieronymus,
766 2829 943 2920 epistolam
975 2819 1017 2902 ad
1054 2834 1132 2905 lle
1204 2891 1207 2897 .

91 2916 260 3017 lsraeos
238 2950 279 3016 ab
302 2948 461 3015 Ecclesiis
486 2945 660 3028 Orientis,
684 2972 702 3012 a
722 2936 880 3014 Patribus
902 2949 1040 3015 Graecis
1063 2971 1128 3036 pro

90 3047 240 3168 Taulina
264 3061 404 3144 haberi,
428 3044 709 3126 consuetudinem
732 3063 932 3128 Latinorum
960 3064 1011 3128 sui
1035 3066 1126 3128 'tem-

92 3172 191 3264 poris
223 3158 400 3239 Paulinam
433 3160 593 3259 epistolae
631 3175 703 3238 mio
684 3174 795 3258 inem
826 3197 897 3239 non
927 3197 1131 3261 agnoscere,

89 3285 159 3354 ned
181 3310 255 3356 eam
279 3283 560 3350 consuetudinem
583 3304 652 3349 esse
678 3309 798 3352 novam
819 3304 853 3352 et
882 3287 1031 3376 aprisca
1052 3289 1128 3354 Ro·

91 3417 213 3471 manae
234 3397 393 3503 ecclesiae
417 3417 540 3460 consue
524 3395 662 3460 tudine
689 3397 869 3493 recedere,
893 3416 1025 3468 veteres
1052 3404 1125 3488 ejus

91 3500 210 3604 paties
238 3528 273 3577 et
302 3494 485 3595 scriptores
503 3505 607 3573 aliter
639 3511 782 3579 sensisse
815 3530 849 3581 et
878 3514 1056 3603 epistolam
1084 3513 1129 3581 ad

91 3624 270 3693 Hebnaeos
289 3617 394 3685 Paulo
415 3619 655 3709 adscripsisse,
674 3643 780 3714 seque
799 3624 883 3694 velle
914 3631 1035 3696 horum
1063 3653 1129 3694 au

91 3741 292 3807 ctoritatem
319 3736 415 3824 sequi
442 3752 477 3800 et
499 3734 604 3800 Paulo
629 3736 806 3826 epistolam
833 3736 1033 3809 vindicare
1054 3740 1126 3807 In-

89 3865 203 3920 nuere
222 3846 383 3925 ridetur,
413 3846 594 3936 epistolam
621 3837 666 3914 ad
691 3846 880 3935 Hebraeos,
911 3875 1034 3940 quam
1029 3852 1129 3921 olim

90 3943 211 4041 Latini
230 3978 344 4052 patres
367 3960 565 4033 canonicam
585 3961 793 4045 credebant,
816 3982 932 4051 postea
947 3966 1129 4033 Montani-

86 4091 226 4146 ntarum
238 4091 274 4144 et
295 4076 502 4145 Novauanot
505 4098 560 4144 um
579 4075 753 4146 motibus
736 4100 780 4144 ιιι
799 4078 942 4147 ecclesia
959 4077 1127 4157 occidens
