<?xml version="1.0" encoding="UTF-8"?>
<!DOCTYPE html PUBLIC "-//W3C//DTD XHTML 1.0 Transitional//EN"
    "http://www.w3.org/TR/xhtml1/DTD/xhtml1-transitional.dtd">
<html xmlns="http://www.w3.org/1999/xhtml" xml:lang="en" lang="en">
 <head>
  <title>
</title>
<meta http-equiv="Content-Type" content="text/html;charset=utf-8" />
  <meta name='ocr-system' content='tesseract 3.04.00' />
  <meta name='ocr-capabilities' content='ocr_page ocr_carea ocr_par ocr_line ocrx_word'/>
</head>
<body>
  <div class='ocr_page' id='page_1' title='image "./vindiciaeorigin00gelpgoog_0188.png"; bbox 0 0 2604 4740; ppageno 0'>
   <div class='ocr_carea' id='block_1_1' title="bbox 496 63 685 200">
    <p class='ocr_par' dir='ltr' id='par_1_1' title="bbox 496 63 685 200">
     <span class='ocr_line' id='line_1_1' title="bbox 496 63 685 200; baseline -0.032 0"><span class='ocrx_word' id='word_1_1' title='bbox 496 106 517 200; x_wconf 72' lang='lat' dir='ltr'>‘t</span> <span class='ocrx_word' id='word_1_2' title='bbox 560 110 622 180; x_wconf 68' lang='lat' dir='ltr'>au</span> <span class='ocrx_word' id='word_1_3' title='bbox 656 63 685 194; x_wconf 63' lang='lat' dir='ltr'>&#39;t</span> 
     </span>
    </p>
   </div>
   <div class='ocr_carea' id='block_1_2' title="bbox 10 291 1176 3877">
    <p class='ocr_par' dir='ltr' id='par_1_2' title="bbox 10 291 1103 825">
     <span class='ocr_line' id='line_1_2' title="bbox 10 291 1101 384; baseline 0.007 -22"><span class='ocrx_word' id='word_1_4' title='bbox 10 368 17 374; x_wconf 66' lang='grc'>,</span> <span class='ocrx_word' id='word_1_5' title='bbox 62 294 192 365; x_wconf 80' lang='lat' dir='ltr'>dicitur</span> <span class='ocrx_word' id='word_1_6' title='bbox 223 292 400 382; x_wconf 85' lang='lat' dir='ltr'>scripsisse</span> <span class='ocrx_word' id='word_1_7' title='bbox 431 310 528 357; x_wconf 85' lang='lat' dir='ltr'>suum</span> <span class='ocrx_word' id='word_1_8' title='bbox 560 291 770 381; x_wconf 74' lang='lat' dir='ltr'>evangelium</span> <span class='ocrx_word' id='word_1_9' title='bbox 794 296 826 366; x_wconf 75' lang='grc' dir='ltr'>ἐν</span> <span class='ocrx_word' id='word_1_10' title='bbox 856 304 920 374; x_wconf 71' lang='grc' dir='ltr'>τοῖς</span> <span class='ocrx_word' id='word_1_11' title='bbox 947 300 1101 384; x_wconf 66' lang='grc' dir='ltr'>Ἑβραίοις</span> 
     </span>
     <span class='ocr_line' id='line_1_3' title="bbox 63 407 1097 499; baseline -0.003 -16"><span class='ocrx_word' id='word_1_12' title='bbox 63 425 102 499; x_wconf 70' lang='grc' dir='ltr'>τῇ</span> <span class='ocrx_word' id='word_1_13' title='bbox 118 412 182 496; x_wconf 69' lang='grc' dir='ltr'>ἰδίᾳ</span> <span class='ocrx_word' id='word_1_14' title='bbox 205 412 306 478; x_wconf 74' lang='grc' dir='ltr'><em>αὐτῶν</em></span> <span class='ocrx_word' id='word_1_15' title='bbox 334 407 494 488; x_wconf 68' lang='grc' dir='ltr'><em>διαλέκτῳ·</em></span> <span class='ocrx_word' id='word_1_16' title='bbox 540 407 577 474; x_wconf 82' lang='lat' dir='ltr'>Si</span> <span class='ocrx_word' id='word_1_17' title='bbox 603 408 657 475; x_wconf 80' lang='lat' dir='ltr'>vel</span> <span class='ocrx_word' id='word_1_18' title='bbox 686 408 843 477; x_wconf 86' lang='lat' dir='ltr'>letiorem</span> <span class='ocrx_word' id='word_1_19' title='bbox 871 410 1097 495; x_wconf 82' lang='lat' dir='ltr'>significatio·</span> 
     </span>
     <span class='ocr_line' id='line_1_4' title="bbox 63 519 1103 616; baseline 0.001 -24"><span class='ocrx_word' id='word_1_20' title='bbox 63 546 144 592; x_wconf 82' lang='lat' dir='ltr'>uem</span> <span class='ocrx_word' id='word_1_21' title='bbox 160 522 252 590; x_wconf 76' lang='lat' dir='ltr'>vocis</span> <span class='ocrx_word' id='word_1_22' title='bbox 281 549 301 591; x_wconf 72' lang='lat' dir='ltr'>&lt;a</span> <span class='ocrx_word' id='word_1_23' title='bbox 319 519 491 586; x_wconf 87' lang='lat' dir='ltr'>Hebraei’&#39;</span> <span class='ocrx_word' id='word_1_24' title='bbox 508 540 697 602; x_wconf 84' lang='lat' dir='ltr'>sumamus,</span> <span class='ocrx_word' id='word_1_25' title='bbox 716 538 829 589; x_wconf 87' lang='lat' dir='ltr'>tamen</span> <span class='ocrx_word' id='word_1_26' title='bbox 848 521 885 588; x_wconf 92' lang='lat' dir='ltr'>in</span> <span class='ocrx_word' id='word_1_27' title='bbox 903 525 1042 616; x_wconf 85' lang='lat' dir='ltr'>epistola</span> <span class='ocrx_word' id='word_1_28' title='bbox 1059 527 1103 593; x_wconf 86' lang='lat' dir='ltr'>ad</span> 
     </span>
     <span class='ocr_line' id='line_1_5' title="bbox 66 631 1102 721; baseline 0.001 -15"><span class='ocrx_word' id='word_1_29' title='bbox 66 636 276 707; x_wconf 84' lang='lat' dir='ltr'>Christianos</span> <span class='ocrx_word' id='word_1_30' title='bbox 305 631 432 721; x_wconf 90' lang='lat' dir='ltr'>scripta</span> <span class='ocrx_word' id='word_1_31' title='bbox 453 648 617 704; x_wconf 88' lang='lat' dir='ltr'>notantur</span> <span class='ocrx_word' id='word_1_32' title='bbox 638 633 697 703; x_wconf 83' lang='lat' dir='ltr'>illa</span> <span class='ocrx_word' id='word_1_33' title='bbox 723 633 969 706; x_wconf 87' lang='lat' dir='ltr'>Palestiuenses</span> <span class='ocrx_word' id='word_1_34' title='bbox 991 640 1102 709; x_wconf 79' lang='lat' dir='ltr'>Chri-</span> 
     </span>
     <span class='ocr_line' id='line_1_6' title="bbox 65 751 179 825; baseline -0.026 -7"><span class='ocrx_word' id='word_1_35' title='bbox 65 751 179 825; x_wconf 73' lang='lat' dir='ltr'>atiani.</span> 
     </span>
    </p>

    <p class='ocr_par' dir='ltr' id='par_1_3' title="bbox 27 864 1176 2530">
     <span class='ocr_line' id='line_1_7' title="bbox 106 864 1104 954; baseline 0.001 -22"><span class='ocrx_word' id='word_1_36' title='bbox 106 891 139 936; x_wconf 66' lang='grc' dir='ltr'>π.</span> <span class='ocrx_word' id='word_1_37' title='bbox 162 864 435 954; x_wconf 77' lang='lat' dir='ltr'><em>Argumentum</em></span> <span class='ocrx_word' id='word_1_38' title='bbox 456 873 602 928; x_wconf 81' lang='lat' dir='ltr'>nestrae</span> <span class='ocrx_word' id='word_1_39' title='bbox 628 864 789 952; x_wconf 86' lang='lat' dir='ltr'>epistolae</span> <span class='ocrx_word' id='word_1_40' title='bbox 815 866 918 933; x_wconf 85' lang='lat' dir='ltr'>etiam</span> <span class='ocrx_word' id='word_1_41' title='bbox 941 868 988 933; x_wconf 89' lang='lat' dir='ltr'>ita</span> <span class='ocrx_word' id='word_1_42' title='bbox 1015 885 1104 933; x_wconf 87' lang='lat' dir='ltr'>eom·</span> 
     </span>
     <span class='ocr_line' id='line_1_8' title="bbox 64 973 1104 1076; baseline -0.004 -26"><span class='ocrx_word' id='word_1_43' title='bbox 64 998 223 1076; x_wconf 83' lang='lat' dir='ltr'>paratum</span> <span class='ocrx_word' id='word_1_44' title='bbox 251 993 320 1053; x_wconf 83' lang='lat' dir='ltr'>est,</span> <span class='ocrx_word' id='word_1_45' title='bbox 343 989 382 1038; x_wconf 86' lang='lat' dir='ltr'>ut</span> <span class='ocrx_word' id='word_1_46' title='bbox 406 973 470 1039; x_wconf 86' lang='lat' dir='ltr'>sub</span> <span class='ocrx_word' id='word_1_47' title='bbox 505 976 690 1061; x_wconf 78' lang='lat' dir='ltr'>Hebraeis,</span> <span class='ocrx_word' id='word_1_48' title='bbox 723 999 809 1068; x_wconf 87' lang='lat' dir='ltr'>quos</span> <span class='ocrx_word' id='word_1_49' title='bbox 835 979 952 1045; x_wconf 81' lang='lat' dir='ltr'>titulus</span> <span class='ocrx_word' id='word_1_50' title='bbox 983 980 1104 1060; x_wconf 87' lang='lat' dir='ltr'>habet,</span> 
     </span>
     <span class='ocr_line' id='line_1_9' title="bbox 65 1087 1176 1178; baseline -0.006 -13"><span class='ocrx_word' id='word_1_51' title='bbox 65 1093 254 1165; x_wconf 76' lang='lat' dir='ltr'>Christiani</span> <span class='ocrx_word' id='word_1_52' title='bbox 279 1087 548 1156; x_wconf 81' lang='lat' dir='ltr'>Palaestinenses</span> <span class='ocrx_word' id='word_1_53' title='bbox 577 1089 758 1174; x_wconf 80' lang='lat' dir='ltr'>indigenae</span> <span class='ocrx_word' id='word_1_54' title='bbox 783 1089 1001 1178; x_wconf 80' lang='lat' dir='ltr'>intelligendi</span> <span class='ocrx_word' id='word_1_55' title='bbox 1025 1095 1106 1163; x_wconf 87' lang='lat' dir='ltr'>siut.</span> <span class='ocrx_word' id='word_1_56' title='bbox 1173 1120 1176 1127; x_wconf 94' lang='lat'><em>·</em></span> 
     </span>
     <span class='ocr_line' id='line_1_10' title="bbox 65 1198 1102 1290; baseline -0.011 -12"><span class='ocrx_word' id='word_1_57' title='bbox 65 1211 229 1278; x_wconf 74' lang='lat' dir='ltr'>Lectores</span> <span class='ocrx_word' id='word_1_58' title='bbox 251 1201 364 1284; x_wconf 88' lang='lat' dir='ltr'>enim,</span> <span class='ocrx_word' id='word_1_59' title='bbox 386 1198 430 1265; x_wconf 90' lang='lat' dir='ltr'>ad</span> <span class='ocrx_word' id='word_1_60' title='bbox 450 1223 536 1290; x_wconf 88' lang='lat' dir='ltr'>quos</span> <span class='ocrx_word' id='word_1_61' title='bbox 552 1201 672 1269; x_wconf 82' lang='lat' dir='ltr'>scribit</span> <span class='ocrx_word' id='word_1_62' title='bbox 684 1216 805 1267; x_wconf 82' lang='lat' dir='ltr'>auctor</span> <span class='ocrx_word' id='word_1_63' title='bbox 822 1219 958 1279; x_wconf 87' lang='lat' dir='ltr'>noster,</span> <span class='ocrx_word' id='word_1_64' title='bbox 976 1218 1016 1268; x_wconf 89' lang='lat' dir='ltr'>ut</span> <span class='ocrx_word' id='word_1_65' title='bbox 1033 1203 1102 1268; x_wconf 77' lang='lat' dir='ltr'>ho-</span> 
     </span>
     <span class='ocr_line' id='line_1_11' title="bbox 64 1308 1105 1398; baseline -0.009 -10"><span class='ocrx_word' id='word_1_66' title='bbox 64 1319 193 1398; x_wconf 83' lang='lat' dir='ltr'>mines,</span> <span class='ocrx_word' id='word_1_67' title='bbox 215 1311 360 1382; x_wconf 82' lang='lat' dir='ltr'>multum</span> <span class='ocrx_word' id='word_1_68' title='bbox 379 1308 553 1378; x_wconf 53' lang='lat' dir='ltr'>ritibus&#39;et</span> <span class='ocrx_word' id='word_1_69' title='bbox 573 1314 773 1380; x_wconf 73' lang='lat' dir='ltr'>ceremoniis</span> <span class='ocrx_word' id='word_1_70' title='bbox 793 1313 943 1380; x_wconf 78' lang='lat' dir='ltr'>ludricis</span> <span class='ocrx_word' id='word_1_71' title='bbox 960 1314 997 1379; x_wconf 91' lang='lat' dir='ltr'>in</span> <span class='ocrx_word' id='word_1_72' title='bbox 1020 1332 1105 1379; x_wconf 86' lang='lat' dir='ltr'>tem·</span> 
     </span>
     <span class='ocr_line' id='line_1_12' title="bbox 61 1423 1104 1522; baseline -0.006 -26"><span class='ocrx_word' id='word_1_73' title='bbox 61 1428 123 1522; x_wconf 84' lang='lat' dir='ltr'>plo</span> <span class='ocrx_word' id='word_1_74' title='bbox 144 1423 448 1515; x_wconf 81' lang='lat' dir='ltr'>Hierosolymitano</span> <span class='ocrx_word' id='word_1_75' title='bbox 470 1428 585 1511; x_wconf 83' lang='lat' dir='ltr'>peragi</span> <span class='ocrx_word' id='word_1_76' title='bbox 609 1424 713 1492; x_wconf 88' lang='lat' dir='ltr'>solitis</span> <span class='ocrx_word' id='word_1_77' title='bbox 743 1426 954 1508; x_wconf 88' lang='lat' dir='ltr'>tribuentes,</span> <span class='ocrx_word' id='word_1_78' title='bbox 977 1443 1016 1491; x_wconf 92' lang='lat' dir='ltr'>ut</span> <span class='ocrx_word' id='word_1_79' title='bbox 1044 1431 1104 1514; x_wconf 70' lang='grc' dir='ltr'>ζη-</span> 
     </span>
     <span class='ocr_line' id='line_1_13' title="bbox 62 1537 1107 1622; baseline -0.01 -8"><span class='ocrx_word' id='word_1_80' title='bbox 62 1551 164 1615; x_wconf 72' lang='lat' dir='ltr'>astru</span> <span class='ocrx_word' id='word_1_81' title='bbox 177 1547 231 1612; x_wconf 73' lang='grc' dir='ltr'>τοῦ</span> <span class='ocrx_word' id='word_1_82' title='bbox 250 1541 339 1622; x_wconf 68' lang='grc' dir='ltr'><em>νόμον</em></span> <span class='ocrx_word' id='word_1_83' title='bbox 362 1539 439 1604; x_wconf 87' lang='lat' dir='ltr'>Act.</span> <span class='ocrx_word' id='word_1_84' title='bbox 456 1537 562 1621; x_wconf 87' lang='lat' dir='ltr'>XXI,</span> <span class='ocrx_word' id='word_1_85' title='bbox 586 1559 640 1604; x_wconf 76' lang='lat' dir='ltr'>to.</span> <span class='ocrx_word' id='word_1_86' title='bbox 663 1537 916 1604; x_wconf 87' lang='lat' dir='ltr'>describuntur.</span> <span class='ocrx_word' id='word_1_87' title='bbox 958 1538 1010 1604; x_wconf 80' lang='lat' dir='ltr'>lta</span> <span class='ocrx_word' id='word_1_88' title='bbox 1026 1560 1107 1604; x_wconf 82' lang='lat' dir='ltr'>vero</span> 
     </span>
     <span class='ocr_line' id='line_1_14' title="bbox 62 1648 1107 1739; baseline -0.009 -16"><span class='ocrx_word' id='word_1_89' title='bbox 62 1652 254 1723; x_wconf 75' lang='lat' dir='ltr'>Christiani</span> <span class='ocrx_word' id='word_1_90' title='bbox 270 1672 311 1716; x_wconf 86' lang='lat' dir='ltr'>ex</span> <span class='ocrx_word' id='word_1_91' title='bbox 332 1650 469 1718; x_wconf 81' lang='lat' dir='ltr'>ludaeis</span> <span class='ocrx_word' id='word_1_92' title='bbox 488 1648 808 1739; x_wconf 81' lang='lat' dir='ltr'>Hierosolymitani,</span> <span class='ocrx_word' id='word_1_93' title='bbox 830 1663 869 1711; x_wconf 92' lang='lat' dir='ltr'>ut</span> <span class='ocrx_word' id='word_1_94' title='bbox 885 1671 926 1713; x_wconf 83' lang='lat' dir='ltr'>ex</span> <span class='ocrx_word' id='word_1_95' title='bbox 948 1648 1107 1736; x_wconf 78' lang='lat' dir='ltr'>pluribus</span> 
     </span>
     <span class='ocr_line' id='line_1_15' title="bbox 27 1759 1106 1856; baseline 0.002 -30"><span class='ocrx_word' id='word_1_96' title='bbox 27 1820 31 1826; x_wconf 91' lang='lat'>.</span> <span class='ocrx_word' id='word_1_97' title='bbox 59 1766 146 1832; x_wconf 86' lang='lat' dir='ltr'>locis</span> <span class='ocrx_word' id='word_1_98' title='bbox 172 1767 335 1830; x_wconf 82' lang='lat' dir='ltr'>lictorum</span> <span class='ocrx_word' id='word_1_99' title='bbox 356 1778 473 1856; x_wconf 87' lang='lat' dir='ltr'>patet,</span> <span class='ocrx_word' id='word_1_100' title='bbox 494 1780 693 1845; x_wconf 83' lang='lat' dir='ltr'>senserunt,</span> <span class='ocrx_word' id='word_1_101' title='bbox 714 1764 880 1853; x_wconf 72' lang='lat' dir='ltr'>incoque</span> <span class='ocrx_word' id='word_1_102' title='bbox 903 1759 946 1825; x_wconf 84' lang='lat' dir='ltr'>eh</span> <span class='ocrx_word' id='word_1_103' title='bbox 972 1761 1044 1826; x_wconf 86' lang='lat' dir='ltr'>aliis</span> <span class='ocrx_word' id='word_1_104' title='bbox 1061 1786 1106 1828; x_wconf 77' lang='lat' dir='ltr'>ex</span> 
     </span>
     <span class='ocr_line' id='line_1_16' title="bbox 57 1872 1105 1944; baseline -0.005 -1"><span class='ocrx_word' id='word_1_105' title='bbox 57 1874 200 1944; x_wconf 85' lang='lat' dir='ltr'>Judaeis</span> <span class='ocrx_word' id='word_1_106' title='bbox 226 1875 429 1943; x_wconf 82' lang='lat' dir='ltr'>Christianis</span> <span class='ocrx_word' id='word_1_107' title='bbox 447 1893 482 1944; x_wconf 85' lang='lat' dir='ltr'>et</span> <span class='ocrx_word' id='word_1_108' title='bbox 499 1877 639 1943; x_wconf 89' lang='lat' dir='ltr'>omnino</span> <span class='ocrx_word' id='word_1_109' title='bbox 658 1874 731 1943; x_wconf 85' lang='lat' dir='ltr'>aliis</span> <span class='ocrx_word' id='word_1_110' title='bbox 749 1873 955 1942; x_wconf 81' lang='lat' dir='ltr'>Christianis</span> <span class='ocrx_word' id='word_1_111' title='bbox 966 1873 1026 1939; x_wconf 88' lang='lat' dir='ltr'>-ita</span> <span class='ocrx_word' id='word_1_112' title='bbox 1042 1872 1105 1938; x_wconf 78' lang='lat' dir='ltr'>di-</span> 
     </span>
     <span class='ocr_line' id='line_1_17' title="bbox 60 1985 1107 2077; baseline -0.004 -21"><span class='ocrx_word' id='word_1_113' title='bbox 60 1992 153 2056; x_wconf 76' lang='lat' dir='ltr'>versi</span> <span class='ocrx_word' id='word_1_114' title='bbox 187 1987 346 2064; x_wconf 83' lang='lat' dir='ltr'>fuerunt,</span> <span class='ocrx_word' id='word_1_115' title='bbox 373 2005 412 2054; x_wconf 91' lang='lat' dir='ltr'>ut</span> <span class='ocrx_word' id='word_1_116' title='bbox 438 1989 553 2077; x_wconf 82' lang='lat' dir='ltr'>potius</span> <span class='ocrx_word' id='word_1_117' title='bbox 575 2013 595 2053; x_wconf 89' lang='lat' dir='ltr'>a</span> <span class='ocrx_word' id='word_1_118' title='bbox 617 1987 789 2052; x_wconf 89' lang='lat' dir='ltr'>communi</span> <span class='ocrx_word' id='word_1_119' title='bbox 817 1985 961 2052; x_wconf 88' lang='lat' dir='ltr'>ecclesia</span> <span class='ocrx_word' id='word_1_120' title='bbox 987 1986 1107 2052; x_wconf 87' lang='lat' dir='ltr'>seriori</span> 
     </span>
     <span class='ocr_line' id='line_1_18' title="bbox 64 2097 1107 2194; baseline -0.003 -26"><span class='ocrx_word' id='word_1_121' title='bbox 64 2119 219 2194; x_wconf 87' lang='lat' dir='ltr'>tempore</span> <span class='ocrx_word' id='word_1_122' title='bbox 244 2097 492 2182; x_wconf 85' lang='lat' dir='ltr'>desciscerent,</span> <span class='ocrx_word' id='word_1_123' title='bbox 513 2114 549 2166; x_wconf 88' lang='lat' dir='ltr'>et</span> <span class='ocrx_word' id='word_1_124' title='bbox 577 2097 787 2191; x_wconf 84' lang='lat' dir='ltr'>peculiarem</span> <span class='ocrx_word' id='word_1_125' title='bbox 804 2115 930 2164; x_wconf 87' lang='lat' dir='ltr'>sectam</span> <span class='ocrx_word' id='word_1_126' title='bbox 953 2097 1107 2167; x_wconf 79' lang='lat' dir='ltr'>ludricis</span> 
     </span>
     <span class='ocr_line' id='line_1_19' title="bbox 61 2208 1107 2283; baseline -0.003 -1"><span class='ocrx_word' id='word_1_127' title='bbox 61 2216 189 2283; x_wconf 81' lang='lat' dir='ltr'>ritibus</span> <span class='ocrx_word' id='word_1_128' title='bbox 216 2211 329 2279; x_wconf 86' lang='lat' dir='ltr'>adhuc</span> <span class='ocrx_word' id='word_1_129' title='bbox 360 2212 514 2280; x_wconf 86' lang='lat' dir='ltr'>deditam</span> <span class='ocrx_word' id='word_1_130' title='bbox 538 2211 602 2278; x_wconf 89' lang='lat' dir='ltr'>sub</span> <span class='ocrx_word' id='word_1_131' title='bbox 627 2210 766 2277; x_wconf 80' lang='lat' dir='ltr'>nomine</span> <span class='ocrx_word' id='word_1_132' title='bbox 796 2212 1045 2281; x_wconf 80' lang='lat' dir='ltr'>Nazaraeorhm</span> <span class='ocrx_word' id='word_1_133' title='bbox 1071 2208 1107 2280; x_wconf 85' lang='lat' dir='ltr'>et</span> 
     </span>
     <span class='ocr_line' id='line_1_20' title="bbox 57 2321 1108 2423; baseline -0.007 -26"><span class='ocrx_word' id='word_1_134' title='bbox 57 2329 299 2397; x_wconf 83' lang='lat' dir='ltr'>Ebionitarum</span> <span class='ocrx_word' id='word_1_135' title='bbox 319 2324 585 2404; x_wconf 77' lang='lat' dir='ltr'>constituerent,</span> <span class='ocrx_word' id='word_1_136' title='bbox 607 2346 710 2423; x_wconf 78' lang='lat' dir='ltr'>quam</span> <span class='ocrx_word' id='word_1_137' title='bbox 737 2321 862 2393; x_wconf 83' lang='lat' dir='ltr'>ritihus</span> <span class='ocrx_word' id='word_1_138' title='bbox 883 2336 919 2393; x_wconf 72' lang='lat' dir='ltr'>et</span> <span class='ocrx_word' id='word_1_139' title='bbox 948 2344 1108 2401; x_wconf 58' lang='lat' dir='ltr'>ceremoq</span> 
     </span>
     <span class='ocr_line' id='line_1_21' title="bbox 56 2437 520 2530; baseline -0.009 -20"><span class='ocrx_word' id='word_1_140' title='bbox 56 2441 126 2510; x_wconf 83' lang='lat' dir='ltr'>uiis</span> <span class='ocrx_word' id='word_1_141' title='bbox 143 2439 261 2530; x_wconf 81' lang='lat' dir='ltr'>patriis</span> <span class='ocrx_word' id='word_1_142' title='bbox 278 2437 520 2506; x_wconf 84' lang='lat' dir='ltr'>valedicerent.</span> 
     </span>
    </p>

    <p class='ocr_par' dir='ltr' id='par_1_4' title="bbox 54 2549 1130 3877">
     <span class='ocr_line' id='line_1_22' title="bbox 55 2549 1102 2649; baseline -0.011 -22"><span class='ocrx_word' id='word_1_143' title='bbox 55 2550 57 2554; x_wconf 11' lang='grc' dir='ltr'><em>Α</em></span> <span class='ocrx_word' id='word_1_144' title='bbox 102 2559 138 2626; x_wconf 77' lang='lat'>5.</span> <span class='ocrx_word' id='word_1_145' title='bbox 160 2554 326 2649; x_wconf 77' lang='lat' dir='ltr'>Deinde,</span> <span class='ocrx_word' id='word_1_146' title='bbox 344 2553 383 2618; x_wconf 82' lang='lat' dir='ltr'>in</span> <span class='ocrx_word' id='word_1_147' title='bbox 401 2564 478 2619; x_wconf 84' lang='lat' dir='ltr'>tota</span> <span class='ocrx_word' id='word_1_148' title='bbox 494 2551 647 2639; x_wconf 81' lang='lat' dir='ltr'>epistola</span> <span class='ocrx_word' id='word_1_149' title='bbox 658 2572 854 2639; x_wconf 79' lang='lat' dir='ltr'>numquam</span> <span class='ocrx_word' id='word_1_150' title='bbox 867 2549 1102 2619; x_wconf 77' lang='lat' dir='ltr'>Christiano·</span> 
     </span>
     <span class='ocr_line' id='line_1_23' title="bbox 58 2663 1105 2754; baseline -0.01 -14"><span class='ocrx_word' id='word_1_151' title='bbox 58 2690 144 2741; x_wconf 81' lang='lat' dir='ltr'>rum</span> <span class='ocrx_word' id='word_1_152' title='bbox 160 2689 204 2735; x_wconf 72' lang='lat' dir='ltr'>ex</span> <span class='ocrx_word' id='word_1_153' title='bbox 223 2664 422 2754; x_wconf 79' lang='lat' dir='ltr'>gentilibus</span> <span class='ocrx_word' id='word_1_154' title='bbox 436 2678 475 2733; x_wconf 87' lang='lat' dir='ltr'>et</span> <span class='ocrx_word' id='word_1_155' title='bbox 490 2664 655 2733; x_wconf 79' lang='lat' dir='ltr'>rixarum</span> <span class='ocrx_word' id='word_1_156' title='bbox 672 2667 770 2733; x_wconf 83' lang='lat' dir='ltr'>inter</span> <span class='ocrx_word' id='word_1_157' title='bbox 789 2689 849 2733; x_wconf 85' lang='lat' dir='ltr'>eos</span> <span class='ocrx_word' id='word_1_158' title='bbox 862 2678 899 2732; x_wconf 83' lang='lat' dir='ltr'>et</span> <span class='ocrx_word' id='word_1_159' title='bbox 916 2663 1105 2732; x_wconf 80' lang='lat' dir='ltr'>Christic-</span> 
     </span>
     <span class='ocr_line' id='line_1_24' title="bbox 58 2760 1105 2866; baseline -0.006 -16"><span class='ocrx_word' id='word_1_160' title='bbox 58 2804 126 2851; x_wconf 65' lang='grc' dir='ltr'>που</span> <span class='ocrx_word' id='word_1_161' title='bbox 152 2803 195 2848; x_wconf 84' lang='lat' dir='ltr'>ett</span> <span class='ocrx_word' id='word_1_162' title='bbox 228 2778 382 2850; x_wconf 75' lang='lat' dir='ltr'>Iudaeis</span> <span class='ocrx_word' id='word_1_163' title='bbox 411 2780 451 2846; x_wconf 84' lang='lat' dir='ltr'>in</span> <span class='ocrx_word' id='word_1_164' title='bbox 475 2778 560 2844; x_wconf 84' lang='lat' dir='ltr'>aliis</span> <span class='ocrx_word' id='word_1_165' title='bbox 594 2760 757 2845; x_wconf 83' lang='lat' dir='ltr'>ecclesiia</span> <span class='ocrx_word' id='word_1_166' title='bbox 782 2779 913 2866; x_wconf 79' lang='lat' dir='ltr'>ubique</span> <span class='ocrx_word' id='word_1_167' title='bbox 939 2793 1105 2847; x_wconf 76' lang='lat' dir='ltr'>ortorum</span> 
     </span>
     <span class='ocr_line' id='line_1_25' title="bbox 58 2887 1106 2980; baseline -0.007 -19"><span class='ocrx_word' id='word_1_168' title='bbox 58 2892 314 2980; x_wconf 70' lang='lat' dir='ltr'>urentissacto</span> <span class='ocrx_word' id='word_1_169' title='bbox 329 2903 405 2975; x_wconf 77' lang='lat' dir='ltr'>est,</span> <span class='ocrx_word' id='word_1_170' title='bbox 429 2887 523 2978; x_wconf 87' lang='lat' dir='ltr'>quod</span> <span class='ocrx_word' id='word_1_171' title='bbox 545 2888 685 2977; x_wconf 87' lang='lat' dir='ltr'>quidem</span> <span class='ocrx_word' id='word_1_172' title='bbox 701 2888 840 2974; x_wconf 88' lang='lat' dir='ltr'>innuit,</span> <span class='ocrx_word' id='word_1_173' title='bbox 859 2887 1039 2979; x_wconf 83' lang='lat' dir='ltr'>epistolem</span> <span class='ocrx_word' id='word_1_174' title='bbox 1059 2888 1106 2955; x_wconf 84' lang='lat' dir='ltr'>ad</span> 
     </span>
     <span class='ocr_line' id='line_1_26' title="bbox 57 2993 1104 3089; baseline -0.008 -14"><span class='ocrx_word' id='word_1_175' title='bbox 57 3005 294 3075; x_wconf 82' lang='lat' dir='ltr'>Christianam</span> <span class='ocrx_word' id='word_1_176' title='bbox 319 3002 497 3071; x_wconf 83' lang='lat' dir='ltr'>ecclesiam</span> <span class='ocrx_word' id='word_1_177' title='bbox 528 3023 600 3066; x_wconf 86' lang='lat' dir='ltr'>non</span> <span class='ocrx_word' id='word_1_178' title='bbox 615 3020 668 3065; x_wconf 89' lang='lat' dir='ltr'>ex</span> <span class='ocrx_word' id='word_1_179' title='bbox 692 2993 830 3066; x_wconf 74' lang='lat' dir='ltr'>sudaria</span> <span class='ocrx_word' id='word_1_180' title='bbox 856 3016 891 3068; x_wconf 88' lang='lat' dir='ltr'>et</span> <span class='ocrx_word' id='word_1_181' title='bbox 920 3002 1104 3089; x_wconf 82' lang='lat' dir='ltr'>gentilibus</span> 
     </span>
     <span class='ocr_line' id='line_1_27' title="bbox 58 3099 1103 3204; baseline -0.008 -17"><span class='ocrx_word' id='word_1_182' title='bbox 58 3118 221 3201; x_wconf 79' lang='lat' dir='ltr'>mixtam,</span> <span class='ocrx_word' id='word_1_183' title='bbox 236 3115 297 3184; x_wconf 89' lang='lat' dir='ltr'>sed</span> <span class='ocrx_word' id='word_1_184' title='bbox 308 3138 352 3185; x_wconf 83' lang='lat' dir='ltr'>cx</span> <span class='ocrx_word' id='word_1_185' title='bbox 365 3114 505 3184; x_wconf 77' lang='lat' dir='ltr'>iudaeis</span> <span class='ocrx_word' id='word_1_186' title='bbox 524 3111 633 3181; x_wconf 84' lang='lat' dir='ltr'>solum</span> <span class='ocrx_word' id='word_1_187' title='bbox 653 3127 782 3191; x_wconf 85' lang='lat' dir='ltr'>ortam,</span> <span class='ocrx_word' id='word_1_188' title='bbox 804 3112 910 3183; x_wconf 83' lang='lat' dir='ltr'>fuisse</span> <span class='ocrx_word' id='word_1_189' title='bbox 924 3099 1103 3204; x_wconf 72' lang='lat' dir='ltr'>sciiptam.</span> 
     </span>
     <span class='ocr_line' id='line_1_28' title="bbox 57 3224 1103 3318; baseline -0.003 -24"><span class='ocrx_word' id='word_1_190' title='bbox 57 3233 178 3318; x_wconf 81' lang='lat' dir='ltr'>Atque</span> <span class='ocrx_word' id='word_1_191' title='bbox 200 3226 368 3314; x_wconf 88' lang='lat' dir='ltr'>ejusmodi</span> <span class='ocrx_word' id='word_1_192' title='bbox 398 3224 541 3294; x_wconf 81' lang='lat' dir='ltr'>ecclesie</span> <span class='ocrx_word' id='word_1_193' title='bbox 572 3224 812 3315; x_wconf 77' lang='lat' dir='ltr'>Hierosolymis</span> <span class='ocrx_word' id='word_1_194' title='bbox 827 3243 971 3313; x_wconf 69' lang='lat' dir='ltr'>¹tuntum</span> <span class='ocrx_word' id='word_1_195' title='bbox 997 3241 1034 3291; x_wconf 84' lang='lat' dir='ltr'>ct</span> <span class='ocrx_word' id='word_1_196' title='bbox 1064 3225 1103 3291; x_wconf 86' lang='lat' dir='ltr'>iu</span> 
     </span>
     <span class='ocr_line' id='line_1_29' title="bbox 56 3336 1103 3437; baseline -0.005 -30"><span class='ocrx_word' id='word_1_197' title='bbox 56 3341 249 3437; x_wconf 64' lang='lat' dir='ltr'>l’alaestina</span> <span class='ocrx_word' id='word_1_198' title='bbox 264 3339 342 3410; x_wconf 80' lang='lat' dir='ltr'>fuit.</span> <span class='ocrx_word' id='word_1_199' title='bbox 384 3336 459 3407; x_wconf 76' lang='lat' dir='ltr'>vox</span> <span class='ocrx_word' id='word_1_200' title='bbox 481 3339 595 3407; x_wconf 82' lang='lat' dir='ltr'>etiam</span> <span class='ocrx_word' id='word_1_201' title='bbox 615 3340 724 3418; x_wconf 71' lang='grc' dir='ltr'><strong>πύλη,</strong></span> <span class='ocrx_word' id='word_1_202' title='bbox 743 3338 851 3419; x_wconf 80' lang='lat' dir='ltr'>XIII,</span> <span class='ocrx_word' id='word_1_203' title='bbox 876 3360 936 3418; x_wconf 84' lang='grc' dir='ltr'>ιι,</span> <span class='ocrx_word' id='word_1_204' title='bbox 962 3356 1012 3402; x_wconf 66' lang='lat' dir='ltr'>ru</span> <span class='ocrx_word' id='word_1_205' title='bbox 1035 3356 1103 3422; x_wconf 87' lang='lat' dir='ltr'>pro</span> 
     </span>
     <span class='ocr_line' id='line_1_30' title="bbox 56 3430 1097 3544; baseline -0.014 -19"><span class='ocrx_word' id='word_1_206' title='bbox 56 3456 150 3532; x_wconf 74' lang='grc' dir='ltr'><strong><em>πόλις</em></strong></span> <span class='ocrx_word' id='word_1_207' title='bbox 170 3430 275 3544; x_wconf 59' lang='lat' dir='ltr'>busita</span> <span class='ocrx_word' id='word_1_208' title='bbox 294 3448 484 3518; x_wconf 88' lang='lat' dir='ltr'>secundum</span> <span class='ocrx_word' id='word_1_209' title='bbox 502 3448 611 3516; x_wconf 82' lang='lat' dir='ltr'><strong>Lxx.</strong></span> <span class='ocrx_word' id='word_1_210' title='bbox 632 3450 757 3517; x_wconf 84' lang='lat' dir='ltr'>Jerem.</span> <span class='ocrx_word' id='word_1_211' title='bbox 769 3449 907 3529; x_wconf 85' lang='lat' dir='ltr'>XLIV,</span> <span class='ocrx_word' id='word_1_212' title='bbox 929 3445 962 3513; x_wconf 87' lang='lat'>6.</span> <span class='ocrx_word' id='word_1_213' title='bbox 983 3444 1097 3511; x_wconf 85' lang='lat' dir='ltr'>lecto-</span> 
     </span>
     <span class='ocr_line' id='line_1_31' title="bbox 54 3556 1097 3651; baseline -0.012 -17"><span class='ocrx_word' id='word_1_214' title='bbox 54 3589 111 3634; x_wconf 82' lang='lat' dir='ltr'>res</span> <span class='ocrx_word' id='word_1_215' title='bbox 142 3560 392 3651; x_wconf 85' lang='lat' dir='ltr'>Hierosolymae</span> <span class='ocrx_word' id='word_1_216' title='bbox 423 3559 615 3627; x_wconf 85' lang='lat' dir='ltr'>habitantes</span> <span class='ocrx_word' id='word_1_217' title='bbox 646 3559 790 3628; x_wconf 87' lang='lat' dir='ltr'>innuere</span> <span class='ocrx_word' id='word_1_218' title='bbox 823 3559 972 3628; x_wconf 78' lang='lat' dir='ltr'>ridetur.</span> <span class='ocrx_word' id='word_1_219' title='bbox 1014 3556 1097 3625; x_wconf 84' lang='lat' dir='ltr'>Nee</span> 
     </span>
     <span class='ocr_line' id='line_1_32' title="bbox 55 3648 1130 3768; baseline -0.002 -27"><span class='ocrx_word' id='word_1_220' title='bbox 55 3700 130 3756; x_wconf 72' lang='lat' dir='ltr'>nou</span> <span class='ocrx_word' id='word_1_221' title='bbox 155 3672 365 3751; x_wconf 75' lang='lat' dir='ltr'>domicilium</span> <span class='ocrx_word' id='word_1_222' title='bbox 384 3673 562 3768; x_wconf 82' lang='lat' dir='ltr'>beatorum</span> <span class='ocrx_word' id='word_1_223' title='bbox 581 3688 812 3762; x_wconf 78' lang='lat' dir='ltr'>comparatum</span> <span class='ocrx_word' id='word_1_224' title='bbox 831 3696 908 3737; x_wconf 89' lang='lat' dir='ltr'>cum</span> <span class='ocrx_word' id='word_1_225' title='bbox 931 3671 1097 3739; x_wconf 82' lang='lat' dir='ltr'>Hieroso·</span> <span class='ocrx_word' id='word_1_226' title='bbox 1127 3648 1130 3654; x_wconf 20' lang='grc' dir='ltr'>ι</span> 
     </span>
     <span class='ocr_line' id='line_1_33' title="bbox 57 3782 1099 3877; baseline -0.01 -19"><span class='ocrx_word' id='word_1_227' title='bbox 57 3786 153 3877; x_wconf 64' lang='lat' dir='ltr'>lyme</span> <span class='ocrx_word' id='word_1_228' title='bbox 168 3802 203 3854; x_wconf 91' lang='lat' dir='ltr'>et</span> <span class='ocrx_word' id='word_1_229' title='bbox 215 3783 540 3868; x_wconf 74' lang='lat' dir='ltr'>montesionilel,</span> <span class='ocrx_word' id='word_1_230' title='bbox 550 3804 603 3852; x_wconf 67' lang='grc' dir='ltr'>υ.</span> <span class='ocrx_word' id='word_1_231' title='bbox 621 3801 692 3851; x_wconf 89' lang='lat' dir='ltr'>tum</span> <span class='ocrx_word' id='word_1_232' title='bbox 704 3782 842 3851; x_wconf 87' lang='lat' dir='ltr'>demum</span> <span class='ocrx_word' id='word_1_233' title='bbox 853 3807 914 3852; x_wconf 90' lang='lat' dir='ltr'>suo</span> <span class='ocrx_word' id='word_1_234' title='bbox 923 3783 1000 3851; x_wconf 88' lang='lat' dir='ltr'>loeo</span> <span class='ocrx_word' id='word_1_235' title='bbox 1007 3796 1099 3850; x_wconf 86' lang='lat' dir='ltr'>estet</span> 
     </span>
    </p>
   </div>
   <div class='ocr_carea' id='block_1_3' title="bbox 0 0 1306 4740">
    <p class='ocr_par' dir='ltr' id='par_1_5' title="bbox 0 0 1306 4740">
     <span class='ocr_line' id='line_1_34' title="bbox 0 0 1306 4740; baseline 0 1"><span class='ocrx_word' id='word_1_236' title='bbox 0 0 1306 4740; x_wconf 95' lang='lat' dir='ltr'> </span> 
     </span>
    </p>
   </div>
  </div>
 </body>
</html>
