2604 4740
561 311 761 469 (ψει

129 564 286 638 hominis
304 576 537 652 praesentem,
561 561 630 630 sive
651 562 754 648 magis
772 562 842 632 sive
862 565 974 641 minus
990 582 1166 663 exoptatus

118 682 204 764 ait,
226 680 331 766 igitur
345 678 452 762 ¹etium
468 676 641 753 homines,
662 677 867 767 quibuscum
886 682 1076 770 versamur,
1099 689 1169 760 sint

137 787 238 860 amici
258 788 311 858 vel
333 781 485 869 inimici,
517 789 765 878 complectitur·
810 793 901 860 Hinc
927 814 1045 864 auctor
1076 825 1167 891 pro·

128 905 203 973 fert
218 926 292 977 non
316 904 423 969 solum
446 901 600 981 dictums
630 934 648 975 a
667 907 801 970 Tenon
814 907 1108 997 missumfaciam,
1132 930 1167 983 to

132 1042 204 1087 non
222 1015 378 1085 deseram
389 1016 431 1101 ;'’
455 1016 628 1082 sedetiam
645 1015 795 1084 dictuma
819 1049 837 1094 «
855 1022 944 1087 Deus
956 1047 1051 1090 meus
1064 1030 1168 1096 auxi..

137 1131 239 1200 liator
256 1148 331 1213 est,
360 1132 442 1200 hinc
469 1146 580 1197 metus
606 1130 714 1214 absin
747 1130 833 1222 quid
857 1135 939 1201 mali
961 1129 1047 1206 mihi
1067 1141 1170 1224 faciat

134 1246 293 1316 homo?'’

155 1351 161 1387 ”
178 1362 278 1428 Prius
295 1347 425 1426 dictum
447 1364 603 1452 nuspiam
618 1360 656 1424 in
678 1359 715 1427 S·
734 1359 771 1426 S.
792 1364 986 1450 reperitur,
1009 1385 1045 1436 et
1067 1394 1086 1437 e
1114 1373 1171 1440 si·¹

137 1476 273 1557 milibus
292 1474 394 1542 dictis
409 1478 547 1542 Denter.
558 1466 694 1550 XXXI,
706 1477 747 1556 6,
764 1474 808 1560 83
834 1468 989 1553 rParall.
999 1484 1170 1572 XXVIII,

135 1611 195 1676 ²⁰3
228 1589 298 1656 Jos.
318 1589 356 1670 1,
375 1592 409 1660 5.
431 1581 685 1680 quodammodo
703 1581 927 1677 compositum
943 1605 1023 1664 est.'
1050 1600 1171 1691 Repe-2

135 1705 223 1787 aitur
244 1700 367 1770 iisdem
392 1703 508 1771 verbis
528 1701 621 1794 apud
639 1701 817 1771 Philonem
832 1705 875 1773 de
899 1707 1001 1777 Conf.
1024 1711 1169 1801 linguar-‚1

135 1843 169 1912 p.
199 1818 285 1900 544,
308 1818 358 1885 Cr
388 1825 436 1890 Οὐ
457 1821 503 1903 μή
518 1846 555 1888 σε
578 1823 659 1894 ἀνῶ,
681 1819 745 1886 ott'
766 1824 800 1888 ot
821 1824 868 1903 μή
888 1849 924 1892 σε
949 1828 1168 1908 ἐγκαταλίπω.

136 1928 220 2003 Inde
236 1933 319 2002 ¹vero
334 1956 406 2000 non
423 1931 615 1999 necessario
630 1931 806 2020 sequitur3
819 1943 994 2007 auctorem
1013 1942 1171 2014 nostrum

136 2047 314 2120 Philonem
332 2064 410 2114 ante
432 2045 550 2114 oculos
564 2044 742 2126 habuisse,
762 2043 823 2113 sed
845 2049 979 2141 potius,
1000 2071 1040 2120 ut
1054 2058 1170 2124 Ruh-

133 2184 192 2230 mo
229 2159 274 2227 ed
298 2160 335 2229 h.
370 2159 395 2228 l.
424 2160 578 2248 judicat,
608 2158 699 2225 istud
734 2157 865 2229 dictum
904 2165 997 2256 apud
1023 2169 1169 2264 Judaeos
1271 2155 1276 2166 ’

136 2276 264 2358 Graece
280 2271 462 2367 loquentes
483 2274 521 2340 in
540 2272 724 2358 usu2fuisse
746 2288 802 2353 et,
824 2271 941 2345 nescio
957 2305 1024 2371 qua
1046 2305 1170 2371 causa,·

132 2390 259 2459 oraculi
276 2388 387 2457 divini
416 2387 652 2456 auctoritatem
676 2397 819 2457 nactum·
836 2413 927 2475 esse,
955 2392 1003 2460 ita
1028 2414 1069 2463 ut
1095 2419 1168 2465 au-·

132 2506 218 2574 ctori
237 2521 356 2574 nostro
376 2526 483 2594 aeque
498 2526 538 2568 ac
561 2501 699 2570 Philoni
713 2501 812 2570 facile
831 2505 869 2571 in
889 2509 1085 2578 memoriam
1104 2537 1169 2580 re-

129 2620 243 2689 vocari
268 2633 397 2710 posset.
457 2614 624 2703 Ejusdem
655 2618 844 2687 sententiae
885 2637 938 2687 est
972 2624 1167 2699 Kuinoel

130 2734 173 2816 ad
196 2735 234 2806 h.
255 2732 281 2817 la

171 2847 231 2920 Ad
261 2871 312 2916 vs.
337 2872 370 2938 7.
426 2843 491 2913 Hic
524 2867 641 2915 versus
675 2858 767 2914 arcte
794 2847 900 2916 nexus
931 2872 1003 2919 esse
1030 2852 1170 2926 videtur

129 2989 210 3040 cum
235 2987 335 3033 versu
357 2977 495 3044 octavo,
513 2976 549 3027 et
576 2959 643 3026 hoc
661 2949 772 3030 sumto
800 2985 919 3030 versus
941 2965 974 3033 8.
1002 2964 1102 3034 aliter
1127 2996 1170 3041 ac

127 3079 229 3168 vulgo
250 3079 310 3161 fit,
334 3074 556 3166 explicandus
576 3092 640 3140 est.
683 3075 814 3144 Auctor
831 3074 988 3144 hortatur
1008 3081 1167 3155 Hebraea
1269 3176 1270 3179 Ἴ

78 3255 81 3261 .
122 3213 188 3272 os,
217 3207 259 3258 ut
288 3188 508 3261 meminerint
535 3189 726 3257 antistitum
755 3214 914 3276 suornm,
945 3192 1077 3276 ἕκβὲισιν
1110 3210 1167 3281 τῆς

127 3311 348 3393 ἀναστροφῆς,
380 3301 407 3367 i.
430 3326 463 3370 e.
487 3302 629 3380 'exitum
651 3304 757 3385 ritae,
788 3325 975 3395 eorumque
1001 3314 1165 3398 probita-

128 3395 202 3488 tem
227 3436 262 3486 et
285 3418 510 3485 constantiam
531 3440 640 3505 usque
665 3416 708 3482 ad
732 3432 877 3485 mortem
903 3422 958 3488 rel
987 3423 1025 3491 in
1055 3437 1169 3499 morte'
1217 3413 1218 3416 Ἴ

128 3535 206 3624 ipsa
234 3530 421 3601 exhibitam
445 3529 687 3609 considerent,
723 3530 897 3624 fidemque
928 3559 1045 3606 eorum
1076 3527 1162 3611 imi.

132 3664 265 3715 rentur.
307 3647 383 3712 Jam
410 3643 508 3721 addit
529 3643 749 3713 celeberrima
777 3648 905 3716 verbae
946 3651 1062 3732 Ἰησοῦς
1085 3672 1167 3746 xpi<

134 3765 209 3837 eric
227 3765 303 3848 χθὲς
320 3762 374 3831 καὶ
389 3765 518 3846 σήμερον
533 3764 549 3830 ὃ
568 3764 662 3839 αὐτὸς
678 3763 731 3836 aa)
748 3764 791 3839 εἷς
810 3771 881 3839 τοῦς
896 3766 1019 3850 ciritae.
1054 3771 1167 3860 Vulgo

132 3875 352 3964 explicantur
370 3873 413 3942 de
438 3873 597 3941 doctrina
621 3874 750 3940 Christi
773 3872 894 3940 mutari
922 3878 1096 3949 nesciaet
1121 3888 1161 3958 in

130 4007 312 4081 peternom
338 3985 493 4069 valitura·
537 3989 651 4077 Quam
677 3987 741 4072 etri
763 4011 833 4057 non
855 3987 1025 4082 excludo,
1048 4012 1162 4090 tamen
