2604 4740
552 404 732 493 (²²3)

124 612 230 678 cens,
261 615 296 661 se
321 585 432 663 nihil,
457 586 550 678 quod
574 590 696 681 patriis
722 590 874 658 moribus
897 612 936 656 ac
955 580 1087 676 legibus
1111 612 1174 660 re*

120 722 275 798 pugnet,
297 702 358 772 sed
379 705 494 775 italia
519 712 573 776 roi
601 708 748 792 Ἰσραὴλ,
770 705 808 771 in
837 705 918 770 Jesu
943 706 1172 794 completam,

120 842 335 909 proponere.
379 817 424 884 Et
445 843 652 911 quamquam
666 819 709 885 ab
723 817 824 886 initio
840 816 955 908 plures
966 817 1176 887 reniteban-

122 953 182 1000 tur
206 937 399 1020 (ἠπίστουν,
419 932 540 1000 Actor.
555 933 729 1012 XXVIII,
750 936 841 1023 24);
865 932 967 1000 multi
988 949 1101 1002 tamen
1115 932 1178 1000 di-

124 1051 189 1117 ctis
223 1045 319 1112 Pauli
343 1047 489 1137 obsequi
520 1071 591 1115 non
620 1047 840 1119 dubitabant.
899 1049 1050 1140 Quoque
1074 1049 1179 1135 magis

124 1187 206 1230 rum
224 1162 457 1248 integritatem
479 1162 654 1253 animique
673 1163 859 1233 candorem
881 1180 917 1231 et
938 1189 1008 1234 non
1028 1162 1180 1233 fucatam

122 1300 205 1364 erga
228 1277 338 1342 Deum
361 1275 545 1364 pietatem,
577 1281 725 1366 quaein
750 1270 1017 1371 apostolo'luit‚
1046 1298 1181 1365 cogno·
1288 1277 1292 1285 '

123 1405 274 1473 verunt,
296 1412 337 1456 eo
356 1390 474 1480 plures
493 1388 600 1459 Panlo
621 1391 737 1460 favere
757 1392 947 1480 coeperunt
969 1392 1045 1480 (4).
1089 1391 1181 1462 cnm

123 1520 304 1598 praeterea
325 1504 509 1599 nonnullos
531 1529 574 1571 ex
592 1507 667 1596 ipsa
687 1505 790 1574 domo
815 1506 967 1574 Caesaris
987 1509 1062 1595 ejus
1082 1529 1182 1575 asse·

126 1621 195 1689 clas
207 1638 243 1688 et
256 1619 402 1702 amicos,
417 1641 483 1685 nec
505 1642 576 1687 non
600 1620 786 1701 Senecam,
805 1622 918 1690 virum
938 1620 1128 1691 bonoribus
1144 1636 1183 1692 et

125 1737 328 1805 anctoritate
349 1732 596 1822 conspicuum,
614 1732 754 1800 Paulum
767 1737 946 1803 interdum
963 1737 1129 1805 visentem
1145 1751 1183 1806 et

126 1877 205 1922 cum
224 1872 266 1919 eo
290 1844 547 1937 colloquentem
571 1845 730 1914 riderent
756 1865 791 1916 et
814 1847 996 1938 audirent3
1022 1876 1093 1920 non
1109 1876 1183 1945 po·

126 1968 193 2035 tuit
213 1988 284 2034 non
305 1961 404 2040 lieri,
437 1977 476 2029 ut
497 1962 639 2028 Paulum
664 1964 838 2053 suspicere
867 1979 902 2031 ct
924 1964 1096 2033 honorare
1118 1968 1183 2035 in·
1296 1979 1299 1986 '

128 2082 297 2174 ciperent.
350 2077 438 2146 Cum
465 2098 573 2167 porro
591 2075 717 2144 Judaei
742 2078 889 2146 Romani
916 2101 994 2148 cum
1014 2080 1184 2148 Hieroso·

128 2193 303 2288 lymitanis
321 2188 468 2258 multum
491 2190 688 2258 commercii
705 2214 770 2281 per
793 2189 910 2261 literas
932 2210 967 2262 et
989 2193 1130 2262 nuntios
1148 2208 1185 2262 et

127 2308 221 2378 ultro
243 2308 403 2398 citroque
420 2305 681 2399 proficiscentes
694 2306 878 2396 populares
896 2307 1094 2395 haberent3
1117 2308 1185 2378 hac

128 2424 308 2495 occasione
328 2418 494 2493 benevole
518 2419 562 2488 de
584 2419 739 2510 apostolo
755 2419 920 2491 Hebraeis
942 2422 1181 2513 scripserunt,

126 2557 163 2608 et
182 2539 258 2609 rice
288 2559 385 2605 versa
407 2535 512 2603 etiam
534 2535 577 2602 ab
600 2533 676 2620 his,
710 2536 749 2602 in
774 2536 895 2604 melius
925 2553 1074 2607 mutatos
1103 2561 1186 2628 erga

125 2653 272 2724 Paulum
298 2652 429 2720 animos
453 2672 525 2718 ease
545 2668 791 2741 compererunt
814 2668 849 2719 et
870 2652 977 2722 Paulo
995 2658 1184 2722 renuntia·

125 2784 265 2841 verunt.
311 2766 480 2836 Auctores
500 2764 642 2835 fortasse
666 2765 770 2832 etiam
784 2765 889 2833 Paulo
902 2764 1066 2850 suerunt,
1086 2750 1184 2838 utad

125 2884 302 2952 Hebraeos
324 2881 517 2966 scriberet,
539 2881 629 2948 etin
648 2878 835 2947 scribendo
861 2881 1066 2969 argumentis
1082 2885 1184 2968 ejus·
1248 2966 1252 2979 Ἰ

125 2997 223 3067 modi
241 3010 415 3080 uteretur,
441 3020 528 3086 qnae
552 2995 681 3062 animos
702 2994 940 3064 Hebraeorum
969 3019 1041 3067 non
1066 2997 1182 3068 offen-

126 3111 274 3197 derent,
305 3130 361 3175 eos
387 3107 423 3173 in
450 3107 649 3176 confitenda
668 3110 832 3196 evangelii
857 3110 1016 3180 doctrina
1045 3114 1182 3183 confir·

124 3244 284 3309 merent,
295 3241 330 3291 et
347 3221 492 3290 iudaeos
503 3223 659 3288 nondum
678 3221 895 3291 Christianos
911 3227 955 3292 ad
973 3228 1183 3323 amplecten-

124 3343 210 3411 dam
237 3342 405 3426 majorum
436 3342 552 3422 iaccbat
585 3338 623 3404 in
655 3337 739 3404 lesu
773 3339 977 3428 completam
1000 3344 1182 3436 proniores

124 3455 329 3526 redderent.
374 3453 466 3520 Hinc
490 3467 727 3540 argumentum
746 3452 911 3541 epistolae
929 3455 978 3523 ita
998 3478 1183 3550 compara-

126 3592 202 3642 tum
227 3589 295 3655 est,
319 3586 422 3636 ntea
443 3568 577 3652 absint,
600 3590 688 3658 quae
710 3570 924 3661 consopitam
946 3571 1182 3642 Hebraeorum

134 3773 329 3799 ---s-

164 3913 228 3983 (4)
246 3914 347 3971 Habuit
362 3917 441 3970 etiarn
458 3916 552 3970 Paulus
570 3915 667 3973 Romae
678 3927 835 3990 συγγενεῖς,
850 3927 1000 3989 cognatos,
1018 3915 1094 3971 Rom.
1105 3915 1184 3986 tvl,

128 4018 162 4069 7,
183 4020 222 4057 ιι.
251 4003 328 4070 (en.
348 4005 544 4060 bertholdt
560 4007 744 4081 Einleitung,
764 4006 860 4074 tvl,
878 4003 983 4075 5281),
1001 4003 1046 4074 qui
1062 4001 1183 4059 benevolo

132 4103 195 4154 erga
212 4106 272 4143 eum
289 4103 375 4145 eaaent
391 4095 486 4150 animo.
