<?xml version="1.0" encoding="UTF-8"?>
<!DOCTYPE html PUBLIC "-//W3C//DTD XHTML 1.0 Transitional//EN"
    "http://www.w3.org/TR/xhtml1/DTD/xhtml1-transitional.dtd">
<html xmlns="http://www.w3.org/1999/xhtml" xml:lang="en" lang="en">
 <head>
  <title>
</title>
<meta http-equiv="Content-Type" content="text/html;charset=utf-8" />
  <meta name='ocr-system' content='tesseract 3.04.00' />
  <meta name='ocr-capabilities' content='ocr_page ocr_carea ocr_par ocr_line ocrx_word'/>
</head>
<body>
  <div class='ocr_page' id='page_1' title='image "./vindiciaeorigin00gelpgoog_0190.png"; bbox 0 0 2604 4740; ppageno 0'>
   <div class='ocr_carea' id='block_1_1' title="bbox 564 397 752 489">
    <p class='ocr_par' dir='ltr' id='par_1_1' title="bbox 564 397 752 489">
     <span class='ocr_line' id='line_1_1' title="bbox 564 397 752 489; baseline -0.021 0"><span class='ocrx_word' id='word_1_1' title='bbox 564 401 578 489; x_wconf 93' lang='grc'>(</span> <span class='ocrx_word' id='word_1_2' title='bbox 624 402 685 473; x_wconf 80' lang='lat'><strong>183</strong></span> <span class='ocrx_word' id='word_1_3' title='bbox 731 397 752 485; x_wconf 87' lang='lat' dir='ltr'><strong>l</strong></span> 
     </span>
    </p>
   </div>
   <div class='ocr_carea' id='block_1_2' title="bbox 121 579 1214 4208">
    <p class='ocr_par' dir='ltr' id='par_1_2' title="bbox 122 579 1198 1903">
     <span class='ocr_line' id='line_1_2' title="bbox 122 579 1169 673; baseline -0.007 -20"><span class='ocrx_word' id='word_1_4' title='bbox 122 587 227 664; x_wconf 74' lang='lat' dir='ltr'><strong>xvi,</strong></span> <span class='ocrx_word' id='word_1_5' title='bbox 246 608 261 652; x_wconf 91' lang='grc' dir='ltr'><strong>ι</strong></span> <span class='ocrx_word' id='word_1_6' title='bbox 279 604 371 673; x_wconf 68' lang='lat' dir='ltr'><strong>sqq„</strong></span> <span class='ocrx_word' id='word_1_7' title='bbox 388 579 500 670; x_wconf 80' lang='lat' dir='ltr'><strong>nequa</strong></span> <span class='ocrx_word' id='word_1_8' title='bbox 517 581 652 647; x_wconf 80' lang='lat' dir='ltr'><strong>disertis</strong></span> <span class='ocrx_word' id='word_1_9' title='bbox 669 583 784 650; x_wconf 76' lang='lat' dir='ltr'><strong>verbis</strong></span> <span class='ocrx_word' id='word_1_10' title='bbox 800 582 836 647; x_wconf 92' lang='lat' dir='ltr'><strong>in</strong></span> <span class='ocrx_word' id='word_1_11' title='bbox 850 582 892 649; x_wconf 88' lang='lat' dir='ltr'><strong>N.</strong></span> <span class='ocrx_word' id='word_1_12' title='bbox 905 582 949 648; x_wconf 87' lang='grc' dir='ltr'><strong>Τ.</strong></span> <span class='ocrx_word' id='word_1_13' title='bbox 966 599 1169 648; x_wconf 84' lang='lat' dir='ltr'><strong>commemo·</strong></span> 
     </span>
     <span class='ocr_line' id='line_1_3' title="bbox 125 694 1166 786; baseline -0.007 -19"><span class='ocrx_word' id='word_1_14' title='bbox 125 721 240 783; x_wconf 87' lang='lat' dir='ltr'><strong>ratur,</strong></span> <span class='ocrx_word' id='word_1_15' title='bbox 259 722 336 764; x_wconf 87' lang='lat' dir='ltr'><strong>eum</strong></span> <span class='ocrx_word' id='word_1_16' title='bbox 349 697 597 786; x_wconf 83' lang='lat' dir='ltr'><strong>Hierosolymae</strong></span> <span class='ocrx_word' id='word_1_17' title='bbox 620 718 682 784; x_wconf 86' lang='lat' dir='ltr'><strong>per</strong></span> <span class='ocrx_word' id='word_1_18' title='bbox 701 694 841 786; x_wconf 76' lang='lat' dir='ltr'><strong>aliquod</strong></span> <span class='ocrx_word' id='word_1_19' title='bbox 862 712 995 786; x_wconf 77' lang='lat' dir='ltr'><strong>tempus</strong></span> <span class='ocrx_word' id='word_1_20' title='bbox 1019 717 1166 761; x_wconf 87' lang='lat' dir='ltr'><strong>commo-</strong></span> 
     </span>
     <span class='ocr_line' id='line_1_4' title="bbox 125 807 1165 902; baseline -0.007 -22"><span class='ocrx_word' id='word_1_21' title='bbox 125 833 237 880; x_wconf 86' lang='lat' dir='ltr'><strong>ratum</strong></span> <span class='ocrx_word' id='word_1_22' title='bbox 263 835 345 878; x_wconf 89' lang='lat' dir='ltr'><strong>esse.</strong></span> <span class='ocrx_word' id='word_1_23' title='bbox 391 810 460 878; x_wconf 86' lang='lat' dir='ltr'><strong>Sed</strong></span> <span class='ocrx_word' id='word_1_24' title='bbox 488 834 530 876; x_wconf 79' lang='lat' dir='ltr'><strong>ex</strong></span> <span class='ocrx_word' id='word_1_25' title='bbox 554 811 631 875; x_wconf 86' lang='lat' dir='ltr'><strong>Act.</strong></span> <span class='ocrx_word' id='word_1_26' title='bbox 647 808 737 889; x_wconf 88' lang='lat' dir='ltr'><strong>XX,</strong></span> <span class='ocrx_word' id='word_1_27' title='bbox 760 812 880 902; x_wconf 82' lang='lat' dir='ltr'><strong>4sqq.</strong></span> <span class='ocrx_word' id='word_1_28' title='bbox 903 807 1080 876; x_wconf 85' lang='lat' dir='ltr'><strong>verisimile</strong></span> <span class='ocrx_word' id='word_1_29' title='bbox 1104 809 1165 889; x_wconf 86' lang='lat' dir='ltr'><strong>lit,</strong></span> 
     </span>
     <span class='ocr_line' id='line_1_5' title="bbox 128 903 1198 1014; baseline -0.007 -20"><span class='ocrx_word' id='word_1_30' title='bbox 128 926 348 994; x_wconf 76' lang='lat' dir='ltr'><strong>Timotheum</strong></span> <span class='ocrx_word' id='word_1_31' title='bbox 362 924 456 990; x_wconf 84' lang='lat' dir='ltr'><strong>Pauli</strong></span> <span class='ocrx_word' id='word_1_32' title='bbox 468 923 733 1012; x_wconf 80' lang='lat' dir='ltr'><strong>Hierosolymam</strong></span> <span class='ocrx_word' id='word_1_33' title='bbox 747 923 996 1014; x_wconf 71' lang='lat' dir='ltr'><strong>proficiscentis</strong></span> <span class='ocrx_word' id='word_1_34' title='bbox 1010 903 1176 988; x_wconf 79' lang='lat' dir='ltr'><strong>comitem</strong></span> <span class='ocrx_word' id='word_1_35' title='bbox 1191 953 1198 962; x_wconf 43' lang='lat'>⁸</span> 
     </span>
     <span class='ocr_line' id='line_1_6' title="bbox 126 1036 1174 1126; baseline -0.006 -21"><span class='ocrx_word' id='word_1_36' title='bbox 126 1041 243 1123; x_wconf 74' lang='lat' dir='ltr'><strong>luisse.</strong></span> <span class='ocrx_word' id='word_1_37' title='bbox 287 1040 440 1106; x_wconf 79' lang='lat' dir='ltr'><strong>Fortasse</strong></span> <span class='ocrx_word' id='word_1_38' title='bbox 463 1036 563 1101; x_wconf 87' lang='lat' dir='ltr'><strong>etiam</strong></span> <span class='ocrx_word' id='word_1_39' title='bbox 580 1041 818 1124; x_wconf 73' lang='grc' dir='ltr'><strong><em>πρεσβυτέριον,</em></strong></span> <span class='ocrx_word' id='word_1_40' title='bbox 842 1060 948 1126; x_wconf 85' lang='lat' dir='ltr'><strong>aquo</strong></span> <span class='ocrx_word' id='word_1_41' title='bbox 967 1036 1174 1104; x_wconf 87' lang='lat' dir='ltr'><strong>Timotheus-</strong></span> 
     </span>
     <span class='ocr_line' id='line_1_7' title="bbox 126 1149 1166 1242; baseline -0.013 -17"><span class='ocrx_word' id='word_1_42' title='bbox 126 1158 211 1239; x_wconf 64' lang='grc' dir='ltr'><strong>μετὰ</strong></span> <span class='ocrx_word' id='word_1_43' title='bbox 234 1157 393 1228; x_wconf 75' lang='grc' dir='ltr'><em>ἐπιθέσεως</em></span> <span class='ocrx_word' id='word_1_44' title='bbox 419 1158 477 1220; x_wconf 74' lang='grc' dir='ltr'><strong>τῶν</strong></span> <span class='ocrx_word' id='word_1_45' title='bbox 502 1154 611 1236; x_wconf 63' lang='grc' dir='ltr'><strong>χειρῶν</strong></span> <span class='ocrx_word' id='word_1_46' title='bbox 633 1155 767 1219; x_wconf 81' lang='lat' dir='ltr'><strong>muneri</strong></span> <span class='ocrx_word' id='word_1_47' title='bbox 790 1151 976 1242; x_wconf 74' lang='lat' dir='ltr'><strong>apostolico</strong></span> <span class='ocrx_word' id='word_1_48' title='bbox 1002 1149 1166 1214; x_wconf 78' lang='lat' dir='ltr'><strong>initiaba-</strong></span> 
     </span>
     <span class='ocr_line' id='line_1_8' title="bbox 126 1262 1165 1361; baseline -0.008 -26"><span class='ocrx_word' id='word_1_49' title='bbox 126 1284 212 1361; x_wconf 47' lang='lat' dir='ltr'><strong>turs</strong></span> <span class='ocrx_word' id='word_1_50' title='bbox 228 1291 246 1336; x_wconf 86' lang='lat'>1</span> <span class='ocrx_word' id='word_1_51' title='bbox 266 1267 357 1332; x_wconf 89' lang='lat' dir='ltr'><strong>Tlm.</strong></span> <span class='ocrx_word' id='word_1_52' title='bbox 376 1266 444 1346; x_wconf 85' lang='lat' dir='ltr'><strong>IV,</strong></span> <span class='ocrx_word' id='word_1_53' title='bbox 470 1265 534 1347; x_wconf 78' lang='lat'><strong>14,</strong></span> <span class='ocrx_word' id='word_1_54' title='bbox 556 1264 622 1330; x_wconf 82' lang='lat' dir='ltr'><strong>fuir</strong></span> <span class='ocrx_word' id='word_1_55' title='bbox 640 1264 894 1354; x_wconf 76' lang='lat' dir='ltr'><strong>presbyterium</strong></span> <span class='ocrx_word' id='word_1_56' title='bbox 920 1262 1165 1353; x_wconf 83' lang='lat' dir='ltr'><strong>Hierosolymi-</strong></span> 
     </span>
     <span class='ocr_line' id='line_1_9' title="bbox 125 1378 1168 1469; baseline -0.003 -20"><span class='ocrx_word' id='word_1_57' title='bbox 125 1400 267 1463; x_wconf 81' lang='lat' dir='ltr'><strong>tanum,</strong></span> <span class='ocrx_word' id='word_1_58' title='bbox 299 1379 393 1469; x_wconf 86' lang='lat' dir='ltr'><strong>quod</strong></span> <span class='ocrx_word' id='word_1_59' title='bbox 415 1381 490 1450; x_wconf 65' lang='grc' dir='ltr'><strong>κατ’</strong></span> <span class='ocrx_word' id='word_1_60' title='bbox 512 1382 625 1466; x_wconf 66' lang='grc' dir='ltr'><strong>ἐξοχὴν</strong></span> <span class='ocrx_word' id='word_1_61' title='bbox 655 1396 794 1447; x_wconf 81' lang='lat' dir='ltr'><strong>vocatur</strong></span> <span class='ocrx_word' id='word_1_62' title='bbox 825 1382 1049 1464; x_wconf 73' lang='grc' dir='ltr'><strong><em>πρεσβυτέριον.</em></strong></span> <span class='ocrx_word' id='word_1_63' title='bbox 1093 1378 1168 1446; x_wconf 84' lang='lat' dir='ltr'><strong>Csr.</strong></span> 
     </span>
     <span class='ocr_line' id='line_1_10' title="bbox 126 1493 1167 1586; baseline -0.008 -23"><span class='ocrx_word' id='word_1_64' title='bbox 126 1493 298 1563; x_wconf 80' lang='lat' dir='ltr'><strong>Kiihler</strong></span> <span class='ocrx_word' id='word_1_65' title='bbox 321 1495 486 1564; x_wconf 81' lang='lat' dir='ltr'><strong>Versuclr</strong></span> <span class='ocrx_word' id='word_1_66' title='bbox 508 1506 577 1559; x_wconf 78' lang='lat' dir='ltr'><strong>etc.</strong></span> <span class='ocrx_word' id='word_1_67' title='bbox 598 1516 635 1586; x_wconf 86' lang='lat' dir='ltr'><strong>p.</strong></span> <span class='ocrx_word' id='word_1_68' title='bbox 660 1493 736 1561; x_wconf 74' lang='lat'><strong>144.</strong></span> <span class='ocrx_word' id='word_1_69' title='bbox 781 1493 955 1582; x_wconf 88' lang='lat' dir='ltr'><strong>Quoniam</strong></span> <span class='ocrx_word' id='word_1_70' title='bbox 980 1495 1167 1559; x_wconf 84' lang='lat' dir='ltr'><strong>circumci-</strong></span> 
     </span>
     <span class='ocr_line' id='line_1_11' title="bbox 126 1605 1166 1692; baseline -0.003 -17"><span class='ocrx_word' id='word_1_71' title='bbox 126 1609 231 1676; x_wconf 83' lang='lat' dir='ltr'><strong>sionis</strong></span> <span class='ocrx_word' id='word_1_72' title='bbox 254 1607 336 1673; x_wconf 88' lang='lat' dir='ltr'><strong>ritui</strong></span> <span class='ocrx_word' id='word_1_73' title='bbox 362 1629 398 1672; x_wconf 86' lang='lat' dir='ltr'><strong>se</strong></span> <span class='ocrx_word' id='word_1_74' title='bbox 426 1606 638 1692; x_wconf 85' lang='lat' dir='ltr'><strong>subjecerat,</strong></span> <span class='ocrx_word' id='word_1_75' title='bbox 663 1609 743 1672; x_wconf 82' lang='lat' dir='ltr'><strong>Act·</strong></span> <span class='ocrx_word' id='word_1_76' title='bbox 764 1606 874 1692; x_wconf 76' lang='lat' dir='ltr'><strong>xvi,</strong></span> <span class='ocrx_word' id='word_1_77' title='bbox 898 1612 939 1689; x_wconf 77' lang='lat'><strong>3,</strong></span> <span class='ocrx_word' id='word_1_78' title='bbox 962 1605 1166 1672; x_wconf 78' lang='lat' dir='ltr'><strong>Christianis</strong></span> 
     </span>
     <span class='ocr_line' id='line_1_12' title="bbox 123 1719 1164 1810; baseline -0.016 -20"><span class='ocrx_word' id='word_1_79' title='bbox 123 1719 431 1802; x_wconf 71' lang='lat' dir='ltr'><strong>Palaestinensibus</strong></span> <span class='ocrx_word' id='word_1_80' title='bbox 461 1720 590 1790; x_wconf 83' lang='lat' dir='ltr'><strong>rituum</strong></span> <span class='ocrx_word' id='word_1_81' title='bbox 610 1719 840 1796; x_wconf 82' lang='lat' dir='ltr'><strong>Mosaioo&#39;rum</strong></span> <span class='ocrx_word' id='word_1_82' title='bbox 866 1722 1045 1789; x_wconf 79' lang='lat' dir='ltr'><strong>&#39;tenacibus</strong></span> <span class='ocrx_word' id='word_1_83' title='bbox 1076 1745 1164 1810; x_wconf 71' lang='lat' dir='ltr'><strong>per.</strong></span> 
     </span>
     <span class='ocr_line' id='line_1_13' title="bbox 126 1834 469 1903; baseline -0.015 0"><span class='ocrx_word' id='word_1_84' title='bbox 126 1861 224 1903; x_wconf 85' lang='lat' dir='ltr'><strong>carus</strong></span> <span class='ocrx_word' id='word_1_85' title='bbox 246 1858 317 1902; x_wconf 88' lang='lat' dir='ltr'><strong>esse</strong></span> <span class='ocrx_word' id='word_1_86' title='bbox 339 1834 469 1900; x_wconf 87' lang='lat' dir='ltr'><strong>debuit.</strong></span> 
     </span>
    </p>

    <p class='ocr_par' dir='ltr' id='par_1_3' title="bbox 122 1945 1214 2370">
     <span class='ocr_line' id='line_1_14' title="bbox 168 1945 1168 2039; baseline 0 -23"><span class='ocrx_word' id='word_1_87' title='bbox 168 1951 205 2016; x_wconf 78' lang='lat' dir='ltr'><strong>d.</strong></span> <span class='ocrx_word' id='word_1_88' title='bbox 228 1948 405 2035; x_wconf 88' lang='lat' dir='ltr'><strong>Objicitur</strong></span> <span class='ocrx_word' id='word_1_89' title='bbox 426 1949 550 2032; x_wconf 84' lang='lat' dir='ltr'><strong>etiam,</strong></span> <span class='ocrx_word' id='word_1_90' title='bbox 573 1948 600 2014; x_wconf 86' lang='lat' dir='ltr'><strong>si</strong></span> <span class='ocrx_word' id='word_1_91' title='bbox 614 1947 706 2020; x_wconf 63' lang='lat' dir='ltr'><strong>&#39;haee</strong></span> <span class='ocrx_word' id='word_1_92' title='bbox 727 1945 870 2039; x_wconf 83' lang='lat' dir='ltr'><strong>epistola</strong></span> <span class='ocrx_word' id='word_1_93' title='bbox 891 1946 934 2013; x_wconf 85' lang='lat' dir='ltr'><strong>ad</strong></span> <span class='ocrx_word' id='word_1_94' title='bbox 956 1949 1168 2016; x_wconf 80' lang='lat' dir='ltr'><strong>Christianos</strong></span> 
     </span>
     <span class='ocr_line' id='line_1_15' title="bbox 126 2056 1214 2150; baseline 0.002 -18"><span class='ocrx_word' id='word_1_95' title='bbox 126 2060 395 2132; x_wconf 82' lang='lat' dir='ltr'><strong>Palaestinenses</strong></span> <span class='ocrx_word' id='word_1_96' title='bbox 419 2063 548 2150; x_wconf 89' lang='lat' dir='ltr'><strong>scripta</strong></span> <span class='ocrx_word' id='word_1_97' title='bbox 567 2079 670 2145; x_wconf 85' lang='lat' dir='ltr'><strong>essct,</strong></span> <span class='ocrx_word' id='word_1_98' title='bbox 692 2063 766 2149; x_wconf 78' lang='lat' dir='ltr'><strong>ejus</strong></span> <span class='ocrx_word' id='word_1_99' title='bbox 787 2056 947 2150; x_wconf 80' lang='lat' dir='ltr'><strong>vestigia</strong></span> <span class='ocrx_word' id='word_1_100' title='bbox 969 2064 1067 2142; x_wconf 80' lang='lat' dir='ltr'><strong>inter</strong></span> <span class='ocrx_word' id='word_1_101' title='bbox 1084 2066 1172 2130; x_wconf 84' lang='lat' dir='ltr'><strong>Na·</strong></span> <span class='ocrx_word' id='word_1_102' title='bbox 1211 2127 1214 2134; x_wconf 94' lang='lat'>.</span> 
     </span>
     <span class='ocr_line' id='line_1_16' title="bbox 122 2176 1168 2266; baseline 0.002 -24"><span class='ocrx_word' id='word_1_103' title='bbox 122 2201 272 2262; x_wconf 55' lang='lat' dir='ltr'><strong>aaraeos</strong></span> <span class='ocrx_word' id='word_1_104' title='bbox 292 2189 330 2243; x_wconf 84' lang='lat' dir='ltr'><strong>et</strong></span> <span class='ocrx_word' id='word_1_105' title='bbox 347 2176 541 2244; x_wconf 82' lang='lat' dir='ltr'><strong>Ebionitaa</strong></span> <span class='ocrx_word' id='word_1_106' title='bbox 560 2189 685 2247; x_wconf 77' lang='lat' dir='ltr'><strong>extare</strong></span> <span class='ocrx_word' id='word_1_107' title='bbox 699 2177 844 2259; x_wconf 82' lang='lat' dir='ltr'><strong>dehere,</strong></span> <span class='ocrx_word' id='word_1_108' title='bbox 868 2198 955 2266; x_wconf 82' lang='lat' dir='ltr'><strong>quae</strong></span> <span class='ocrx_word' id='word_1_109' title='bbox 975 2176 1168 2264; x_wconf 78' lang='lat' dir='ltr'><strong>veronulla</strong></span> 
     </span>
     <span class='ocr_line' id='line_1_17' title="bbox 126 2269 889 2370; baseline -0.007 -14"><span class='ocrx_word' id='word_1_110' title='bbox 126 2291 210 2370; x_wconf 75' lang='lat' dir='ltr'><strong>alut.</strong></span> <span class='ocrx_word' id='word_1_111' title='bbox 886 2269 889 2275; x_wconf 23' lang='lat'><strong>¹</strong></span> 
     </span>
    </p>

    <p class='ocr_par' dir='ltr' id='par_1_4' title="bbox 121 2402 1167 2724">
     <span class='ocr_line' id='line_1_18' title="bbox 169 2402 1167 2493; baseline 0.008 -23"><span class='ocrx_word' id='word_1_112' title='bbox 169 2402 433 2492; x_wconf 82' lang='lat' dir='ltr'><strong>Respondetur,</strong></span> <span class='ocrx_word' id='word_1_113' title='bbox 457 2403 634 2493; x_wconf 86' lang='lat' dir='ltr'><strong>epistolam</strong></span> <span class='ocrx_word' id='word_1_114' title='bbox 648 2406 773 2471; x_wconf 89' lang='lat' dir='ltr'><strong>nonin</strong></span> <span class='ocrx_word' id='word_1_115' title='bbox 794 2418 912 2472; x_wconf 81' lang='lat' dir='ltr'><strong>manus</strong></span> <span class='ocrx_word' id='word_1_116' title='bbox 931 2405 1167 2478; x_wconf 87' lang='lat' dir='ltr'><strong>Hebraeorum</strong></span> 
     </span>
     <span class='ocr_line' id='line_1_19' title="bbox 124 2517 1166 2618; baseline 0.004 -33"><span class='ocrx_word' id='word_1_117' title='bbox 124 2519 282 2601; x_wconf 70' lang='lat' dir='ltr'><strong>venisse,</strong></span> <span class='ocrx_word' id='word_1_118' title='bbox 305 2542 395 2602; x_wconf 87' lang='lat' dir='ltr'><strong>nec,</strong></span> <span class='ocrx_word' id='word_1_119' title='bbox 424 2517 453 2584; x_wconf 87' lang='lat' dir='ltr'><strong>si</strong></span> <span class='ocrx_word' id='word_1_120' title='bbox 483 2521 618 2587; x_wconf 82' lang='lat' dir='ltr'><strong>venerit</strong></span> <span class='ocrx_word' id='word_1_121' title='bbox 642 2535 676 2592; x_wconf 84' lang='lat' dir='ltr'><strong>et</strong></span> <span class='ocrx_word' id='word_1_122' title='bbox 700 2521 743 2586; x_wconf 90' lang='lat' dir='ltr'><strong>ab</strong></span> <span class='ocrx_word' id='word_1_123' title='bbox 773 2520 814 2587; x_wconf 89' lang='lat' dir='ltr'><strong>iis</strong></span> <span class='ocrx_word' id='word_1_124' title='bbox 838 2518 929 2588; x_wconf 86' lang='lat' dir='ltr'><strong>lecta</strong></span> <span class='ocrx_word' id='word_1_125' title='bbox 951 2520 1076 2618; x_wconf 77' lang='lat' dir='ltr'><strong>fuerit,</strong></span> <span class='ocrx_word' id='word_1_126' title='bbox 1098 2549 1166 2614; x_wconf 91' lang='lat' dir='ltr'><strong>ap·</strong></span> 
     </span>
     <span class='ocr_line' id='line_1_20' title="bbox 121 2633 407 2724; baseline 0.017 -27"><span class='ocrx_word' id='word_1_127' title='bbox 121 2633 306 2724; x_wconf 85' lang='lat' dir='ltr'><strong>probatam</strong></span> <span class='ocrx_word' id='word_1_128' title='bbox 326 2655 407 2708; x_wconf 86' lang='lat' dir='ltr'><strong>esse.</strong></span> 
     </span>
    </p>

    <p class='ocr_par' dir='ltr' id='par_1_5' title="bbox 123 2745 1168 3178">
     <span class='ocr_line' id='line_1_21' title="bbox 169 2745 1168 2834; baseline 0.005 -21"><span class='ocrx_word' id='word_1_129' title='bbox 169 2771 201 2814; x_wconf 87' lang='lat' dir='ltr'><strong>e.</strong></span> <span class='ocrx_word' id='word_1_130' title='bbox 222 2745 331 2814; x_wconf 88' lang='lat' dir='ltr'><strong>Porro</strong></span> <span class='ocrx_word' id='word_1_131' title='bbox 357 2746 504 2832; x_wconf 79' lang='lat' dir='ltr'><strong>dicunt,</strong></span> <span class='ocrx_word' id='word_1_132' title='bbox 527 2750 653 2816; x_wconf 86' lang='lat' dir='ltr'><strong>Jeaum</strong></span> <span class='ocrx_word' id='word_1_133' title='bbox 676 2750 873 2816; x_wconf 72' lang='lat' dir='ltr'><strong>recondam</strong></span> <span class='ocrx_word' id='word_1_134' title='bbox 905 2748 1022 2819; x_wconf 83' lang='lat' dir='ltr'><strong>Hebr.</strong></span> <span class='ocrx_word' id='word_1_135' title='bbox 1043 2751 1105 2831; x_wconf 91' lang='lat' dir='ltr'><strong>II,</strong></span> <span class='ocrx_word' id='word_1_136' title='bbox 1131 2775 1168 2834; x_wconf 74' lang='lat'><strong>3.</strong></span> 
     </span>
     <span class='ocr_line' id='line_1_22' title="bbox 124 2862 1168 2953; baseline -0.001 -22"><span class='ocrx_word' id='word_1_137' title='bbox 124 2864 166 2932; x_wconf 83' lang='lat' dir='ltr'><strong>iu</strong></span> <span class='ocrx_word' id='word_1_138' title='bbox 191 2864 355 2950; x_wconf 80' lang='lat' dir='ltr'><strong>regione,</strong></span> <span class='ocrx_word' id='word_1_139' title='bbox 382 2863 443 2936; x_wconf 78' lang='lat' dir='ltr'><strong>udi</strong></span> <span class='ocrx_word' id='word_1_140' title='bbox 469 2864 620 2929; x_wconf 83' lang='lat' dir='ltr'><strong>lectores</strong></span> <span class='ocrx_word' id='word_1_141' title='bbox 641 2862 815 2953; x_wconf 72' lang='lat' dir='ltr'><strong>epistolae·</strong></span> <span class='ocrx_word' id='word_1_142' title='bbox 841 2863 1076 2946; x_wconf 78' lang='lat' dir='ltr'><strong>habitabant,</strong></span> <span class='ocrx_word' id='word_1_143' title='bbox 1098 2889 1168 2931; x_wconf 81' lang='lat' dir='ltr'><strong>noc</strong></span> 
     </span>
     <span class='ocr_line' id='line_1_23' title="bbox 124 2974 1168 3075; baseline -0.001 -30"><span class='ocrx_word' id='word_1_144' title='bbox 124 2981 249 3066; x_wconf 71' lang='lat' dir='ltr'><strong>ipsum</strong></span> <span class='ocrx_word' id='word_1_145' title='bbox 270 2977 459 3061; x_wconf 81' lang='lat' dir='ltr'><strong>docuirre,</strong></span> <span class='ocrx_word' id='word_1_146' title='bbox 481 2974 575 3075; x_wconf 84' lang='lat' dir='ltr'><strong>quod</strong></span> <span class='ocrx_word' id='word_1_147' title='bbox 604 2980 643 3054; x_wconf 77' lang='lat' dir='ltr'><strong>ifn</strong></span> <span class='ocrx_word' id='word_1_148' title='bbox 667 2974 891 3049; x_wconf 83' lang='lat' dir='ltr'><strong>Palaestinam</strong></span> <span class='ocrx_word' id='word_1_149' title='bbox 911 2994 946 3053; x_wconf 90' lang='lat' dir='ltr'><strong>et</strong></span> <span class='ocrx_word' id='word_1_150' title='bbox 969 2978 1168 3072; x_wconf 81' lang='lat' dir='ltr'><strong>Hierosoly-</strong></span> 
     </span>
     <span class='ocr_line' id='line_1_24' title="bbox 123 3088 407 3178; baseline -0.007 -20"><span class='ocrx_word' id='word_1_151' title='bbox 123 3096 217 3175; x_wconf 73' lang='lat' dir='ltr'><strong>rlram</strong></span> <span class='ocrx_word' id='word_1_152' title='bbox 247 3088 407 3178; x_wconf 63' lang='lat' dir='ltr'><strong>quadret,</strong></span> 
     </span>
    </p>

    <p class='ocr_par' dir='ltr' id='par_1_6' title="bbox 123 3194 1176 3750">
     <span class='ocr_line' id='line_1_25' title="bbox 163 3194 1169 3298; baseline 0 -26"><span class='ocrx_word' id='word_1_153' title='bbox 163 3194 431 3298; x_wconf 45' lang='lat' dir='ltr'><strong>&#39;Responderum</strong></span> <span class='ocrx_word' id='word_1_154' title='bbox 453 3203 491 3269; x_wconf 84' lang='lat' dir='ltr'><strong>in</strong></span> <span class='ocrx_word' id='word_1_155' title='bbox 510 3201 588 3275; x_wconf 86' lang='lat' dir='ltr'><strong>loco</strong></span> <span class='ocrx_word' id='word_1_156' title='bbox 608 3201 716 3269; x_wconf 77' lang='lat' dir='ltr'><strong>Hebe.</strong></span> <span class='ocrx_word' id='word_1_157' title='bbox 739 3200 791 3283; x_wconf 90' lang='lat' dir='ltr'><strong>II,</strong></span> <span class='ocrx_word' id='word_1_158' title='bbox 817 3204 848 3270; x_wconf 77' lang='lat'><strong>3.</strong></span> <span class='ocrx_word' id='word_1_159' title='bbox 871 3203 937 3270; x_wconf 88' lang='lat' dir='ltr'><strong>hoc</strong></span> <span class='ocrx_word' id='word_1_160' title='bbox 955 3219 1169 3273; x_wconf 87' lang='lat' dir='ltr'><strong>tantummo-</strong></span> 
     </span>
     <span class='ocr_line' id='line_1_26' title="bbox 123 3311 1168 3407; baseline -0.005 -19"><span class='ocrx_word' id='word_1_161' title='bbox 123 3317 175 3388; x_wconf 88' lang='lat' dir='ltr'><strong>do</strong></span> <span class='ocrx_word' id='word_1_162' title='bbox 196 3314 291 3405; x_wconf 86' lang='lat' dir='ltr'><strong>diei,</strong></span> <span class='ocrx_word' id='word_1_163' title='bbox 315 3316 408 3407; x_wconf 91' lang='lat' dir='ltr'><strong>quod</strong></span> <span class='ocrx_word' id='word_1_164' title='bbox 438 3343 561 3387; x_wconf 85' lang='lat' dir='ltr'><strong>novam</strong></span> <span class='ocrx_word' id='word_1_165' title='bbox 590 3312 783 3389; x_wconf 80' lang='lat' dir='ltr'><strong>doctrinam</strong></span> <span class='ocrx_word' id='word_1_166' title='bbox 807 3311 921 3407; x_wconf 86' lang='lat' dir='ltr'><strong>primo</strong></span> <span class='ocrx_word' id='word_1_167' title='bbox 950 3321 1045 3387; x_wconf 82' lang='lat' dir='ltr'><strong>Jesus</strong></span> <span class='ocrx_word' id='word_1_168' title='bbox 1071 3320 1168 3406; x_wconf 86' lang='lat' dir='ltr'><strong>ipse.</strong></span> 
     </span>
     <span class='ocr_line' id='line_1_27' title="bbox 125 3417 1170 3522; baseline -0.007 -21"><span class='ocrx_word' id='word_1_169' title='bbox 125 3417 256 3510; x_wconf 73' lang='lat' dir='ltr'><strong>deinde</strong></span> <span class='ocrx_word' id='word_1_170' title='bbox 289 3435 361 3520; x_wconf 82' lang='lat' dir='ltr'><strong>ejus.</strong></span> <span class='ocrx_word' id='word_1_171' title='bbox 387 3431 549 3519; x_wconf 87' lang='lat' dir='ltr'><strong>discipuli</strong></span> <span class='ocrx_word' id='word_1_172' title='bbox 573 3454 680 3521; x_wconf 85' lang='lat' dir='ltr'><strong>usque</strong></span> <span class='ocrx_word' id='word_1_173' title='bbox 706 3428 750 3496; x_wconf 88' lang='lat' dir='ltr'><strong>ad</strong></span> <span class='ocrx_word' id='word_1_174' title='bbox 779 3447 932 3522; x_wconf 87' lang='lat' dir='ltr'><strong>tempus,</strong></span> <span class='ocrx_word' id='word_1_175' title='bbox 958 3457 1027 3522; x_wconf 88' lang='lat' dir='ltr'><strong>quo</strong></span> <span class='ocrx_word' id='word_1_176' title='bbox 1050 3448 1170 3498; x_wconf 85' lang='lat' dir='ltr'><strong>auctor</strong></span> 
     </span>
     <span class='ocr_line' id='line_1_28' title="bbox 123 3543 1172 3636; baseline -0.006 -21"><span class='ocrx_word' id='word_1_177' title='bbox 123 3544 288 3636; x_wconf 77' lang='lat' dir='ltr'><strong>scripsit,</strong></span> <span class='ocrx_word' id='word_1_178' title='bbox 315 3543 496 3612; x_wconf 84' lang='lat' dir='ltr'><strong>docuerint</strong></span> <span class='ocrx_word' id='word_1_179' title='bbox 530 3561 565 3611; x_wconf 88' lang='lat' dir='ltr'><strong>et</strong></span> <span class='ocrx_word' id='word_1_180' title='bbox 600 3544 899 3627; x_wconf 86' lang='lat' dir='ltr'><strong>confirmaverint,</strong></span> <span class='ocrx_word' id='word_1_181' title='bbox 927 3568 998 3613; x_wconf 89' lang='lat' dir='ltr'><strong>non</strong></span> <span class='ocrx_word' id='word_1_182' title='bbox 1027 3543 1172 3611; x_wconf 74' lang='lat' dir='ltr'><strong>exclusis</strong></span> 
     </span>
     <span class='ocr_line' id='line_1_29' title="bbox 123 3645 1176 3750; baseline -0.004 -24"><span class='ocrx_word' id='word_1_183' title='bbox 123 3662 194 3744; x_wconf 86' lang='lat' dir='ltr'><strong>iis,</strong></span> <span class='ocrx_word' id='word_1_184' title='bbox 218 3661 278 3750; x_wconf 90' lang='lat' dir='ltr'><strong>qui</strong></span> <span class='ocrx_word' id='word_1_185' title='bbox 300 3657 478 3734; x_wconf 87' lang='lat' dir='ltr'><strong>dominum</strong></span> <span class='ocrx_word' id='word_1_186' title='bbox 506 3660 619 3750; x_wconf 86' lang='lat' dir='ltr'><strong>ipsum</strong></span> <span class='ocrx_word' id='word_1_187' title='bbox 646 3658 826 3728; x_wconf 78' lang='lat' dir='ltr'><strong>docentem</strong></span> <span class='ocrx_word' id='word_1_188' title='bbox 844 3658 1056 3726; x_wconf 83' lang='lat' dir='ltr'><strong>audiverant.</strong></span> <span class='ocrx_word' id='word_1_189' title='bbox 1174 3645 1176 3650; x_wconf 34' lang='lat'><strong>¹</strong></span> 
     </span>
    </p>

    <p class='ocr_par' dir='ltr' id='par_1_7' title="bbox 125 3769 1172 4208">
     <span class='ocr_line' id='line_1_30' title="bbox 162 3769 1171 3864; baseline -0.004 -24"><span class='ocrx_word' id='word_1_190' title='bbox 162 3775 381 3864; x_wconf 75' lang='lat' dir='ltr'><strong>fiDenique</strong></span> <span class='ocrx_word' id='word_1_191' title='bbox 409 3773 649 3857; x_wconf 88' lang='lat' dir='ltr'><strong>contendunt,</strong></span> <span class='ocrx_word' id='word_1_192' title='bbox 680 3778 869 3861; x_wconf 77' lang='lat' dir='ltr'><strong>epistolam</strong></span> <span class='ocrx_word' id='word_1_193' title='bbox 900 3774 951 3839; x_wconf 82' lang='lat' dir='ltr'><strong>ad</strong></span> <span class='ocrx_word' id='word_1_194' title='bbox 981 3769 1171 3836; x_wconf 80' lang='lat' dir='ltr'><strong>Hebraeos</strong></span> 
     </span>
     <span class='ocr_line' id='line_1_31' title="bbox 125 3866 1170 3972; baseline -0.008 -13"><span class='ocrx_word' id='word_1_195' title='bbox 125 3866 354 3959; x_wconf 75' lang='lat' dir='ltr'><strong>Aramueicc</strong></span> <span class='ocrx_word' id='word_1_196' title='bbox 376 3891 532 3956; x_wconf 80' lang='lat' dir='ltr'><strong>dialecto</strong></span> <span class='ocrx_word' id='word_1_197' title='bbox 559 3901 723 3972; x_wconf 80' lang='lat' dir='ltr'><strong>utentes,</strong></span> <span class='ocrx_word' id='word_1_198' title='bbox 744 3910 813 3957; x_wconf 79' lang='lat' dir='ltr'><strong>non</strong></span> <span class='ocrx_word' id='word_1_199' title='bbox 834 3890 995 3966; x_wconf 86' lang='lat' dir='ltr'><strong>Graece,</strong></span> <span class='ocrx_word' id='word_1_200' title='bbox 1020 3886 1085 3951; x_wconf 83' lang='lat' dir='ltr'><strong>sed</strong></span> <span class='ocrx_word' id='word_1_201' title='bbox 1105 3884 1170 3951; x_wconf 86' lang='lat' dir='ltr'><strong>A·</strong></span> 
     </span>
     <span class='ocr_line' id='line_1_32' title="bbox 128 3997 1168 4092; baseline -0.009 -22"><span class='ocrx_word' id='word_1_202' title='bbox 128 4009 311 4084; x_wconf 76' lang='lat' dir='ltr'><strong>ramaet&#39;ce</strong></span> <span class='ocrx_word' id='word_1_203' title='bbox 343 4007 568 4072; x_wconf 80' lang='lat' dir='ltr'><strong>scribendam</strong></span> <span class='ocrx_word' id='word_1_204' title='bbox 588 4002 726 4089; x_wconf 78' lang='lat' dir='ltr'><strong>fuisse.</strong></span> <span class='ocrx_word' id='word_1_205' title='bbox 769 3997 1031 4092; x_wconf 85' lang='lat' dir='ltr'><strong>Respondetur,</strong></span> <span class='ocrx_word' id='word_1_206' title='bbox 1054 3999 1168 4064; x_wconf 86' lang='lat' dir='ltr'><strong>Grae·</strong></span> 
     </span>
     <span class='ocr_line' id='line_1_33' title="bbox 128 4110 1172 4208; baseline -0.005 -23"><span class='ocrx_word' id='word_1_207' title='bbox 128 4110 206 4185; x_wconf 81' lang='lat' dir='ltr'><strong>cam</strong></span> <span class='ocrx_word' id='word_1_208' title='bbox 238 4116 388 4202; x_wconf 81' lang='lat' dir='ltr'><strong>linguam</strong></span> <span class='ocrx_word' id='word_1_209' title='bbox 417 4117 680 4208; x_wconf 82' lang='lat' dir='ltr'><strong>-Hierosolymee</strong></span> <span class='ocrx_word' id='word_1_210' title='bbox 713 4115 750 4181; x_wconf 88' lang='lat' dir='ltr'><strong>in</strong></span> <span class='ocrx_word' id='word_1_211' title='bbox 785 4110 840 4183; x_wconf 87' lang='lat' dir='ltr'><strong>eo</strong></span> <span class='ocrx_word' id='word_1_212' title='bbox 861 4137 924 4182; x_wconf 89' lang='lat' dir='ltr'><strong>usu</strong></span> <span class='ocrx_word' id='word_1_213' title='bbox 954 4113 1078 4192; x_wconf 79' lang='lat' dir='ltr'><strong>fuisse,</strong></span> <span class='ocrx_word' id='word_1_214' title='bbox 1111 4115 1172 4202; x_wconf 88' lang='lat' dir='ltr'><strong>qui</strong></span> 
     </span>
    </p>
   </div>
   <div class='ocr_carea' id='block_1_3' title="bbox 0 0 1307 4740">
    <p class='ocr_par' dir='ltr' id='par_1_8' title="bbox 0 0 1307 4740">
     <span class='ocr_line' id='line_1_34' title="bbox 0 0 1307 4740; baseline 0 0"><span class='ocrx_word' id='word_1_215' title='bbox 0 0 1307 4740; x_wconf 95' lang='lat' dir='ltr'><strong> </strong></span> 
     </span>
    </p>
   </div>
  </div>
 </body>
</html>
