2604 4740
446 445 459 473 ·
661 397 682 483 (’
720 397 780 464 ¹4⁰
821 402 836 484 )

224 580 336 673 capite
347 581 635 647 exeunteraeculo
648 582 749 646 tertio
763 578 812 646 vel
831 583 964 649 saeculo
981 557 1120 654 demum
1138 599 1261 680 quarto

222 696 473 764 consarcinatae
496 695 577 759 siut.
923 696 926 701 ’
1042 771 1045 775 ¹
1215 688 1233 699 ”

264 832 296 877 2.
318 812 396 877 Non
418 824 530 876 tamen
544 830 702 896 prorsus
727 811 951 899 spernendae
975 832 1057 884 sunt
1084 817 1261 908 epIstoIae⁴

219 924 384 1013 Quamvis
407 921 499 988 enirn
517 943 588 987 non
614 947 653 990 ea
681 930 809 1007 aetate,
834 946 937 1018 quam
960 953 1044 1023 prae
1060 951 1100 1034 'se
1124 923 1261 1010 serunt,

218 1037 367 1124 scriptae
391 1036 483 1118 sint3
516 1039 609 1122 origo
632 1054 746 1105 tamen
769 1032 886 1107 ea'rum
913 1040 958 1110 ad
990 1041 1261 1132 saecula-priora

216 1149 426 1245 reipublicae
444 1148 658 1217 Christianae
680 1151 864 1219 referenda
886 1172 956 1238 est,
972 1130 1261 1255 tet-argumentum

217 1282 336 1329 earum
362 1260 478 1328 testari
501 1278 634 1351 potest,
669 1260 755 1354 quid
780 1263 968 1333 Christiani
1003 1272 1075 1365 tuni
1098 1266 1261 1361 t'e'mporis

217 1373 262 1442 de
287 1373 495 1463 quibusdam
519 1377 622 1442 rebus
652 1375 695 1442 ad
718 1377 894 1450 historiam
918 1384 1115 1474 primitivae
1134 1382 1257 1449 ‘eccle‘

191 1536 193 1541 ,
216 1490 283 1554 siae
299 1485 554 1574 pertinentibus
574 1484 804 1571 judicaverint
827 1514 862 1562 et
880 1521 946 1590 pro
964 1521 1044 1566 vero
1065 1496 1258 1566 habuerint·

217 1602 260 1667 ln
278 1599 390 1689 Epist.
409 1620 462 1666 ιο.
486 1597 636 1687 exempli
655 1603 762 1684 gratia
787 1607 916 1674 Seneca
936 1610 1041 1677 Paulo
1062 1607 1108 1675 de
1133 1594 1256 1676 ibceu·

218 1715 278 1782 dio
300 1715 396 1780 urbis
417 1714 543 1780 Romae
563 1736 654 1780 anno
674 1718 729 1783 64.
751 1735 830 1807 post
852 1721 893 1787 C.
915 1724 959 1790 Ν.
979 1720 1071 1790 etde
1087 1720 1256 1789 Christis·

217 1829 297 1910 nis,
320 1825 416 1915 quasi
439 1820 733 1892 machinatoribus
757 1828 913 1896 incendii
935 1832 1108 1922 suppIIcio
1137 1832 1256 1901 affectis

217 1938 351 2006 scribit.
397 1937 488 2023 Ergo
507 1935 632 2003 Paulus
650 1957 728 2026 post
747 1939 835 2007 illud
854 1941 1057 2011 incendium
1078 1943 1196 2011 adhuc
1214 1945 1255 2013 ti·

214 2057 267 2122 rit
296 2070 332 2120 et
360 2053 487 2118 Romae
518 2049 585 2117 fuit
614 2053 693 2142 (8).
735 2054 827 2141 Ergo
849 2072 1001 2148 tempus,
1029 2076 1101 2145 quo
1130 2053 1254 2137 {Paulus

216 2169 343 2234 Romae
377 2184 603 2235 commoratus
648 2184 729 2250 est,
765 2168 910 2235 mul-tum
954 2168 1048 2235 istud
1076 2169 1252 2236 biennium

217 2282 298 2348 Act.
318 2280 491 2363 XXVIII,
515 2284 568 2349 30.
599 2280 748 2349 excedit.
796 2282 869 2350 Hoc
896 2284 1054 2375 sequitur
1080 2282 1187 2350 etiam
1220 2300 1255 2349 ex

214 2423 278 2482 eo,
300 2394 394 2488 quod
417 2397 455 2463 in
475 2395 527 2462 his
557 2397 710 2488 epistolis
729 2413 874 2489 quatuor
896 2397 1110 2464 diuersorum
1137 2419 1254 2462 cousu-

214 2513 347 2581 latuum
374 2509 436 2575 fiat
455 2508 596 2575 mentio.
640 2507 698 2576 Sic
718 2506 838 2577 saltem
866 2510 1054 2577 Christiani
1079 2524 1157 2575 tum
1176 2523 1255 2578 tem·

214 2625 411 2714 poris‚quo
427 2621 509 2688 istae
527 2619 647 2688 literae
665 2621 874 2709 compositae
894 2637 995 2705 sunt,
1015 2619 1059 2686 de
1079 2634 1252 2710 tempore,

215 2758 286 2826 quo
308 2737 433 2804 Paulus
456 2738 581 2802 Romae
602 2733 756 2827 captivus
779 2733 919 2813 mansit,
941 2732 1157 2819 judittae-unt.
1192 2732 1252 2802 At·

216 2875 284 2940 que
311 2849 378 2916 hoc
405 2845 618 2940 antiquitatis
639 2845 887 2913 ecclesiasticae
918 2844 1175 2933 praeiudicium
1192 2869 1252 2915 nos

216 2988 389 3054 quaquam
409 2957 689 3050 postponendum
711 2974 786 3040 est,
806 2975 843 3025 et
863 2960 1018 3047 opinioni
1036 2981 1180 3044 eorum,
1198 2957 1255 3052 qui

215 3074 357 3142 alteram
377 3071 473 3141 Pauli
492 3071 725 3159 captiuitatem
742 3086 884 3156 negant,
908 3094 979 3138 non
994 3094 1119 3163 parum
1143 3071 1252 3142 velifi-

216 3203 324 3253 catus.
708 3264 710 3268 Α

259 3305 444 3371 Testantur
479 3299 636 3389 inprimis
675 3297 753 3368 illae
784 3296 944 3388 epistolae
977 3295 1037 3377 id.
1068 3297 1167 3388 quod
1209 3298 1253 3368 ad

215 3441 326 3484 meam
350 3440 424 3483 rem
454 3419 624 3504 pertinet,
647 3414 739 3482 inter
768 3409 980 3481 Christianos
1010 3410 1168 3498 priorum
1187 3437 1259 3483 sae·

215 3530 371 3598 culorum
387 3528 584 3619 opinionem
600 3528 643 3595 de
663 3529 911 3596 consuetudine
931 3527 1045 3618 aliqua
1061 3531 1156 3598 inter
1168 3532 1253 3600 Pau⁴

213 3648 284 3715 ium
301 3662 336 3713 et
355 3643 520 3710 Senecam
539 3626 795 3731 percrebuisse{
817 3641 920 3710 immo
944 3641 1069 3711 samam
1093 3641 1138 3711 de
1158 3667 1251 3715 com-

209 3822 428 3838 Μ

248 3932 307 4000 (8)
325 3927 381 3983 Non
399 3925 495 3984 diserte
510 3923 612 4000 quitiam
631 3931 658 3986 Iu
676 3929 734 3984 istis
751 3926 874 3999 Epistolis
891 3925 1003 3995 dieitur,
1028 3927 1125 3982 Romae
1142 3927 1252 3998 scriptas

213 4033 285 4082 esse;
307 4033 388 4085 nsque
407 4036 465 4070 veru
483 4018 550 4073 ullus
567 4021 634 4074 aiios
651 4021 720 4074 Iocus
738 4017 896 4070 nominatur·
932 4022 1114 4084 Argumentum
1133 4033 1196 4069 sero
1214 4027 1256 4068 to·

211 4116 264 4156 tum
284 4104 320 4155 ita
338 4116 514 4174 comparatum
532 4120 586 4180 ast,
604 4119 632 4162 ut
649 4109 745 4161 Itomae
762 4104 872 4174 scriptae
890 4121 945 4159 esse
963 4102 1004 4174 sei
1018 4105 1046 4155 in
1057 4105 1170 4158 eoubmu
1185 4100 1255 4155 uehit

208 4191 361 4259 cogitentur.
