2604 4740
555 304 733 470 (π)

108 556 222 630 tieret
241 561 387 629 vinculis
408 561 587 646 detineor,
611 565 746 632 conscia
760 588 855 633 mens
875 566 961 632 recti
981 565 1065 632 mihi
1082 579 1154 648 cst,¹

104 701 216 768 quum
233 697 369 771 semper
386 679 474 745 vitae
493 677 724 764 integritatem
741 680 864 749 sectari
877 679 1042 746 studeam.
1066 680 1153 767 Quis

104 791 190 858 nlius
214 789 338 858 doctor
358 791 500 876 insignis
524 790 739 858 Christianus
764 811 835 862 tum
862 792 1025 884 temporis
1053 791 1155 857 dese
1199 818 1203 827 ¹

104 907 153 974 tic
175 903 276 995 loqui
292 905 431 999 potuit!
468 904 580 992 Quam
598 909 732 992 egregie
751 932 792 973 ea
811 909 1022 975 conveniunt
1038 905 1154 972 verbis

104 1017 326 1115 apologeticis
355 1017 451 1084 Pauli
473 1041 587 1084 coram
611 1019 725 1085 Felice
744 1020 886 1108 prolatis
899 1023 994 1088 Act.
1015 1017 1153 1112 XXIV.

104 1136 148 1205 16
160 1159 175 1200 s
208 1137 294 1204 seso
323 1133 516 1218 ἀπρόσκοπον
547 1135 716 1212 συνείδησιν
736 1135 822 1219 ἔχειν
844 1140 918 1220 πρὸς
943 1139 996 1203 τὸν
1018 1136 1081 1204 θεὸν
1101 1135 1155 1202 καὶ

104 1249 363 1333 tristissimis-svs
379 1246 566 1323 iteraveris!
597 1244 711 1333 Quam
728 1247 861 1333 egregie
882 1271 920 1312 ea
939 1247 1155 1335 respondent
1266 1283 1269 1286 ⁴

104 1361 283 1443 sermoni,
316 1383 420 1450 quem
447 1354 570 1425 Paulus
603 1359 647 1426 cd
680 1359 825 1453 Iudaeos
854 1361 968 1426 statim
990 1360 1033 1425 nb
1055 1361 1156 1426 initio

104 1472 323 1565 captivitatis
349 1473 477 1541 Romae
508 1472 629 1539 habuit
663 1475 743 1541 Act.
772 1474 947 1557 XXVIII,
985 1479 1154 1561 17-20!

104 1584 258 1662 Amoliri
282 1585 356 1655 vult
377 1607 427 1652 vs.
453 1585 518 1663 18.
544 1607 605 1676 19,
638 1588 821 1655 inanimis
846 1587 1015 1656 lectorum
1039 1589 1156 1675 suspi-

104 1702 247 1770 cionem
274 1700 359 1768 hinc
387 1696 485 1764 illinc
503 1699 792 1782 revivescentem,
815 1706 913 1791 qnasi
931 1726 1007 1768 osor
1032 1702 1156 1791 populi

104 1819 165 1885 sui
185 1833 223 1885 et
247 1829 400 1908 apostata
421 1810 559 1878 meritas
581 1833 708 1905 poenas
734 1815 865 1900 lueret,
896 1834 930 1883 et
953 1820 1000 1883 ita
1017 1817 1061 1882 ad
1085 1816 1155 1882 de·

104 1928 329 2028 precandum
345 1951 410 2017 pro
430 1950 489 1992 sus
506 1923 613 1994 salute
631 1929 801 1998 Hebraeos
813 1932 1055 2020 propensiores
1070 1928 1159 1994 redb

104 2045 211 2115 dere.
716 2053 717 2057 ’

153 2181 190 2235 a.
219 2160 297 2226 Huc
311 2158 463 2247 pertinet
482 2159 576 2225 Iocus
600 2160 708 2243 XIII,
726 2164 789 2228 23:
815 2166 982 2242 γινώσκετε
1000 2159 1052 2233 ris
1069 2166 1164 2234 eilst-

113 2279 175 2366 Φόν
189 2277 358 2361 Τιμόθεον,
373 2275 624 2359 ἀπολελυμένον,
647 2275 719 2359 μεθ’
739 2276 773 2347 οὗ
797 2280 867 2356 (ἐὰν
880 2281 993 2364 τάχιον
1012 2276 1161 2362 ἔρχηται)

116 2391 236 2479 ὄψομαι
258 2395 357 2476 ὑμᾶς.
409 2390 447 2457 si
468 2385 591 2454 Paulus
617 2393 809 2458 auctorest
831 2391 993 2481 epistolae
1019 2414 1163 2479 eamque
1249 2394 1253 2403 ‘

116 2505 181 2573 snb
202 2505 310 2573 finem
329 2502 539 2591 captivitatis
553 2502 747 2588 Romanae,
773 2527 856 2592 ergo
877 2523 955 2599 post
976 2504 1165 2595 Epistolnm

116 2619 163 2686 ad
179 2617 424 2710 Philippenses
443 2615 601 2706 scripsit,
623 2639 742 2683 sensus
761 2617 867 2702 hujus
880 2641 996 2687 versus
1014 2618 1163 2707 expedi-

116 2749 171 2801 tus
193 2748 261 2802 est.
311 2731 354 2799 In
382 2727 528 2818 epistola
554 2729 599 2797 ad
630 2729 873 2823 Philippenses
905 2733 998 2797 enim
1032 2731 1091 2814 ΙΙ,
1125 2755 1165 2818 19
1243 2773 1245 2776 >

117 2848 321 2939 scripserats
346 2846 511 2931 Ἐλπίζω,
532 2847 681 2930 Τιμόθεον
702 2851 827 2933 παχέως
854 2851 982 2934 πέμψαν
999 2851 1091 2930 ὑμῖν,
1114 2845 1165 2915 ἵνα
1228 2869 1230 2873 ·

119 2967 209 3053 κᾴγῶ
224 2966 377 3047 εὐψυχῶ,
400 2965 494 3040 ννοὺς
511 2963 556 3031 πὸ
574 2963 643 3044 περὶ
667 2966 761 3044 ὑμῶν.
813 2963 888 3028 Iam
904 2962 958 3044 si,
981 2956 1075 3048 qnod
1097 2984 1163 3027 ve·

116 3073 262 3146 sisimile
286 3089 359 3156 est,
381 3072 479 3141 brevi
504 3090 584 3160 post
607 3073 828 3141 Timotheum
851 3073 943 3141 misit
960 3073 1004 3139 ad
1023 3074 1165 3159 Philip-

119 3209 266 3279 penses,
286 3188 325 3252 in
346 3205 463 3254 nostra
482 3186 627 3277 epistola
649 3185 693 3253 sd
713 3188 885 3255 Hebraeos
908 3189 1016 3253 serius
1034 3189 1166 3277 scripta

116 3296 239 3372 dicere
251 3316 412 3390 =potesate
460 3303 648 3379 «Scitote,
674 3301 928 3369 Timotheum
949 3322 1005 3369 me
1025 3301 1164 3368 missum

119 3439 216 3501 esse,
232 3411 308 3482 scil.
321 3413 365 3481 ad
382 3413 644 3508 Rhilippenses,
663 3438 743 3484 cum
762 3414 912 3505 quodam
932 3412 1105 3483 mandato.
1128 3412 1166 3480 si

121 3529 226 3601 hrevi
244 3527 406 3610 redierit,
428 3551 491 3616 ego
511 3551 570 3596 vos
592 3531 699 3595 visam
720 3551 789 3594 non
813 3526 924 3612 solus,
946 3528 1009 3596 sed
1027 3527 1089 3595 illo
1110 3550 1168 3593 eo·

120 3646 226 3730 mito,
243 3645 305 3736 qui
321 3643 409 3711 mihi
420 3667 584 3732 percarus
596 3659 669 3725 est,
692 3658 731 3708 nt
749 3641 862 3722 scitis,
883 3661 1033 3708 necnon
1051 3642 1164 3720 vohis,

122 3762 259 3854 qnippe
287 3775 368 3850 post
384 3757 579 3850 adoptatam
599 3757 800 3842 religionem
821 3754 951 3821 Christi
975 3755 1164 3820 circumci-

121 3873 222 3943 sus.’'
243 3872 316 3962 Qui
332 3873 434 3970 alium
453 3899 555 3964 quam
570 3870 714 3939 Paulum
725 3869 793 3936 hoc
807 3890 907 3935 versu
928 3873 968 3936 25
987 3868 1082 3960 loqui
1097 3894 1167 3959 pu·
1202 3856 1207 3868 ⁸

116 4005 224 4068 tent.
257 3987 353 4058 dubii
375 3991 587 4072 haerebunt,
611 3983 784 4078 quomodo
809 3985 938 4048 bonum
961 4005 1096 4079 sensnm
1119 3981 1169 4048 itti

808 4097 847 4160 15
