2604 4740
571 357 749 445 (²²²)

141 542 271 623 Philo,
293 542 330 607 in
349 541 474 610 Neues
495 541 704 609 Kritiseh'es
718 542 878 609 Journal
892 542 957 610 det·
976 541 1099 615 Theot.
1114 543 1190 611 Li·‘

143 670 289 722 teratur
305 658 374 722 oon
393 656 451 724 W
448 659 523 722 eier
542 657 619 722 uod
644 656 877 743 Engelhard,
897 639 936 724 ssss
954 658 1025 741 IX,
1048 683 1086 727 n.
1104 659 1140 728 4.

124 831 127 836 1
183 773 217 838 5.
252 769 420 856 Suspecta
448 769 623 836 nonnullis
645 771 785 837 videtur
809 771 903 856 origo
926 770 1091 858 epistolae
1117 793 1188 840 no-

137 899 227 948 strae
242 882 383 948 Paulina
396 883 440 949 oh
455 885 739 970 descriptionem
755 883 906 971 Templi
913 885 958 951 H
959 887 1183 976 ierosolymi-

138 1002 221 1064 tant'
242 1012 280 1064 et·
302 1001 439 1063 rituum
460 1000 498 1064 in
523 1023 562 1062 eo
580 1001 716 1085 peragi
742 1001 954 1078 solitorum,
989 1024 1098 1087 quom
1115 1023 1188 1067 nott

137 1125 310 1179 accurate
331 1137 413 1177 cum
432 1112 696 1196 descriptione,
720 1137 811 1202 quae
833 1118 871 1181 in
892 1115 940 1184 V·
961 1116 1005 1181 T.
1029 1115 1189 1202 legitur,

139 1226 360 1293 concordare
375 1227 514 1291 dicunt.
546 1226 582 1292 Si
600 1225 744 1303 Paulus,
767 1227 952 1316 inquiunt,
972 1245 1092 1295 auctor
1105 1229 1189 1319 cpi·

140 1337 245 1407 stolae
266 1354 376 1422 esset,
408 1338 512 1405 homo
544 1339 678 1428 quippe
699 1339 848 1408 Judaeus
872 1340 1003 1433 diuque
1021 1343 1188 1410 Hieroso·

84 1528 88 1534 ¹
138 1453 248 1544 lymae
267 1470 509 1529 commoratus,
525 1467 580 1535 et,
597 1475 684 1541 quae
701 1452 745 1519 ad
766 1457 997 1523 oeconomiam
1014 1453 1136 1550 templi
1152 1469 1189 1523 et

138 1567 225 1635 ritus
250 1586 362 1632 sacros
385 1567 585 1655 pertinent,
616 1568 841 1635 eorumbene
864 1593 1011 1656 gnarus3
1044 1595 1088 1639 ne
1113 1592 1187 1637 un*

139 1705 238 1769 guem
253 1679 424 1770 quideme
439 1678 691 1773 descriptione,
709 1685 843 1770 quaein
861 1684 1094 1754 Pentateucho
1111 1700 1186 1772 est,

140 1813 175 1863 et
203 1793 247 1868 ad
277 1796 374 1880 cujus
395 1816 549 1861 normam
575 1809 699 1861 cuncta
718 1794 757 1860 in
777 1797 906 1887 templo
933 1800 1189 1868 accommodata

138 1926 237 1979 erant
250 1955 262 1993 ,
287 1909 506 1976 discessisset.
543 1907 672 1974 Verum
696 1909 871 1976 enimvero
889 1909 1057 1984 discessit.
1092 1916 1184 1980 Tet-

140 2043 257 2095 tantur
276 2025 343 2091 hoc
361 2022 478 2118 plures
497 2043 613 2090 versus
633 2022 755 2113 capitis
772 2026 875 2101 noni,
897 2039 932 2092 et
951 2026 1187 2117 discrepantes

137 2143 370 2233 interpretum
401 2141 623 2220 sententiae,
660 2136 785 2226 quibus
815 2157 989 2207 auctorem
1020 2141 1185 2230 epistolae

136 2271 274 2330 nostrae
299 2275 377 2319 cum
397 2250 631 2319 Pentateucho
652 2250 837 2320 conciliare
858 2253 1077 2324 studuerunt.

177 2370 277 2436 Hanc
303 2363 537 2433 difficultatem
559 2363 772 2454 expediendi
800 2367 963 2438 facillima
990 2371 1080 2439 ratio
1106 2387 1177 2452 est.

131 2475 160 2550 s'i
177 2503 347 2549 sumamus
365 2477 509 2545 Paulum
529 2479 658 2546 Romae
677 2481 741 2548 suh
763 2482 867 2550 finem
882 2485 1087 2574 captivitatis
1102 2510 1181 2557 suae

131 2595 312 2687 epistolam
331 2607 484 2661 nostram
505 2595 702 2682 scripsisse,
728 2618 805 2662 cum
827 2597 983 2686 quinque
1006 2599 1079 2667 sere
1098 2601 1182 2669 anni

132 2712 242 2803 elapsi
263 2725 399 2798 essent.
432 2730 563 2797 exque
587 2688 840 2799 Hierosolymae
860 2731 1071 2780 commorans
1094 2714 1179 2781 riti·

131 2829 199 2893 bus
222 2826 328 2891 sacris
354 2826 390 2889 in
413 2822 545 2915 templo
564 2823 731 2889 interesse
752 2839 901 2911 poterat.
954 2825 1180 2916 Atque-haec

127 2941 249 3009 ultima
267 2937 485 3005 commoratio
504 2936 600 3003 Pauli
610 2937 648 3002 in
662 2937 845 3028 metropoli
862 2940 882 3005 J
884 2939 1070 3020 udaeorum
1089 2964 1176 3030 pcr-

128 3055 248 3123 hrevis
276 3053 364 3135 fuit,
396 3052 608 3141 subsequens
638 3051 804 3121 diuturna
833 3053 958 3120 itinera
983 3056 1021 3121 in
1050 3056 1176 3124 exteris

126 3168 337 3257 regionibus.
380 3165 492 3233 Facile
510 3166 615 3251 igitur
634 3165 712 3233 fieri
730 3169 869 3261 potuit,
892 3182 931 3234 ut
957 3169 1106 3254 Paulus,
1138 3170 1176 3236 in

128 3299 250 3353 nostra
280 3278 423 3369 epistola
453 3277 652 3347 describens
685 3264 853 3369 templum
880 3297 915 3346 et
945 3286 1174 3355 oeconomiam

128 3395 252 3484 templi
270 3413 304 3460 ct
324 3395 410 3460 ritus
431 3414 563 3470 sacros,
584 3393 718 3485 lapsum
737 3397 918 3462 memoriae
936 3399 1173 3487 experiretur,

125 3512 330 3603 praesertim
351 3530 429 3574 cum
445 3529 516 3572 non
537 3506 622 3575 inde
648 3534 666 3574 a
686 3509 854 3596 pueritiae
879 3511 977 3576 annia
1004 3511 1168 3579 Hieroso-

123 3625 228 3718 lymis
250 3624 435 3690 habitasset
458 3621 536 3709 (5).
1141 3623 1143 3629 ’

141 3799 357 3818 Μ

161 3904 219 3974 (5)
248 3903 299 3968 Qui
324 3904 388 3959 alias
410 3903 475 3990 hanc
492 3906 671 3976 difficultatem
693 3907 844 3980 expediendi
860 3907 974 3964 rationes
994 3910 1060 3965 scire
1081 3913 1174 4000 eupit·
1236 3929 1239 3935 ·

120 3994 203 4048 cheat
218 3991 436 4048 Commentariun
454 3994 631 4051 Kuinoelii
648 3997 681 4050 ad
699 3992 828 4070 capnth.
