2604 4740
488 453 650 554 (59)

73 649 165 719 ·1t0n
187 647 279 714 enim
297 645 333 713 in
354 647 550 714 uniuersum
567 647 697 712 Seneca
713 641 750 710 in
773 640 840 711 hoc
857 643 974 712 libello
997 662 1074 714 tra·
1092 666 1097 675 ·

54 779 113 832 ctat
139 754 254 828 locum
279 761 324 826 de
345 757 586 848 providentia,
609 782 712 846 quem
737 760 774 824 in
797 755 864 823 alio
885 756 998 838 libro,
1017 761 1097 849 qni'

10 856 12 893 ⁵
51 893 195 943 nostram
209 889 350 948 aetatem
363 894 432 937 non
452 870 550 949 tulit,
560 869 667 937 fusius
684 887 907 954 tractaverat,
918 856 977 940 sed
991 878 1092 960 par-⁴

52 989 186 1058 tionlam
220 1002 353 1053 tantum
381 984 484 1070 hujus
513 985 629 1074 lotia
655 1000 726 1050 toto
756 983 936 1052 revulsam»
979 987 1083 1055 Ponit

47 1100 296 1194 providentiam
321 1123 416 1180 esse,
432 1115 467 1165 et
489 1097 659 1181 ostendit,
675 1098 847 1190 quomodo
869 1099 976 1184 mala,
992 1125 1079 1191 quae

48 1216 129 1285 boni
153 1215 221 1281 riri
241 1226 345 1302 saepe
363 1215 610 1305 experiuntur,
635 1235 713 1279 enm
729 1211 946 1306 providentia
965 1212 1083 1280 divina
1180 1230 1183 1238 ’

49 1329 226 1400 conciliari
244 1327 389 1420 possint.
416 1327 557 1405 Monet,
574 1324 779 1394 calamitates
795 1324 875 1391 viris
893 1325 993 1392 bonis
1011 1329 1084 1392 im-

46 1447 164 1512 missas
179 1422 258 1508 ¹nou
282 1441 398 1507 testari
418 1464 572 1508 aversum
595 1442 657 1507 Dei
678 1437 805 1505 abillis
825 1439 998 1524 animum,
1021 1439 1084 1507 sed

52 1556 149 1644 signa
167 1553 272 1645 patrii
289 1576 329 1620 ac
348 1551 504 1621 benevoli
519 1579 597 1640 erga
614 1552 690 1620 illos
705 1552 809 1620 animi
824 1574 916 1620 essee
945 1583 965 1625 e
982 1555 1085 1646 Ope·

47 1670 169 1749 ribus,
192 1666 331 1757 inquit,
352 1665 527 1734 laboribus
559 1684 594 1734 et
624 1664 755 1732 damnis
786 1668 1089 1753 exagitantur,'ut

51 1805 172 1852 verum
208 1778 367 1865 colligant
394 1782 513 1848 robur.
566 1779 654 1870 Ipsis
681 1779 772 1846 Dens
793 1778 974 1865 consulit,
1001 1807 1104 1873 quos·

51 1919 158 1988 qnam
176 1892 431 1962 honestissimos
450 1916 522 1962 esse
541 1894 657 1981 cupit,
679 1895 811 1983 quoties
831 1893 897 1961 illis
914 1899 1092 1966 materiam

49 2013 200 2100 praebet
213 2006 344 2098 aliquid
361 2009 510 2075 animose
528 2007 736 2095 fortiterque
750 2007 891 2092 gerendi
902 2054 912 2087 ‚
923 2008 967 2074 ad
986 2034 1091 2099 quant

50 2149 129 2192 rem
150 2146 236 2211 opus
257 2138 309 2190 est
325 2122 441 2212 aliqua
458 2145 575 2189 rerum
593 2120 831 2189 difficultate.”
877 2125 1008 2189 Totum
1027 2148 1088 2190 ar-

53 2254 256 2334 gumentum
285 2234 396 2301 libelli
425 2236 463 2300 in
496 2259 538 2302 eo
570 2253 751 2319 versatur,
777 2253 817 2303 ut
847 2237 976 2323 integri
1009 2239 1097 2308 vitae

53 2350 263 2440 scelerisque
287 2349 366 2438 puri
383 2351 558 2438 Deumque
582 2353 636 2442 pia
659 2367 772 2416 mente
799 2347 949 2419 colentes
971 2353 1095 2421 admo·

56 2480 227 2548 reantur,
249 2485 294 2530 ne
318 2462 362 2530 ob
388 2462 577 2532 infortunia
607 2482 643 2531 et
672 2463 877 2531 calamitates
906 2469 1098 2559 apersua.⁴

58 2581 155 2648 sione
187 2576 232 2645 de
261 2576 476 2664 providentia
500 2600 555 2645 res
580 2578 744 2644 hnmanae
774 2577 1037 2647 administrante
1062 2596 1098 2649 et

59 2697 172 2763 bonos
203 2708 337 2758 amante
366 2706 402 2757 et
433 2708 575 2757 curante
604 2689 817 2770 desciscant,
841 2714 985 2781 nequea
1013 2719 1102 2765 vero

59 2809 149 2878 recti
169 2807 303 2872 tramite
321 2802 438 2870 seduci
456 2826 491 2869 se
507 2803 694 2892 patiantur.
727 2805 769 2870 ln
792 2803 862 2870 fine
881 2790 996 2875 linatti'
1009 2810 1096 2877 Deus

60 2927 135 3019 ipse
154 2919 301 3010 loquens
318 2915 573 2984 introducitur:
612 2917 744 3006 «Quid
764 2917 920 3003 habetis,
938 2921 1032 3014 qnod
1054 2924 1098 2991 de
1175 2986 1178 2991 ,

61 3062 119 3106 me
132 3035 233 3126 queri
249 3031 384 3124 possitis
401 3052 457 3098 voe
468 3077 479 3113 ‚
491 3029 616 3120 quibus
634 3049 729 3099 reeta
747 3032 967 3121 placuerunt.
990 3037 1104 3108 Vobis

63 3152 148 3222 dedi
169 3151 390 3229 bona'eerta,
414 3167 598 3226 mansurae
614 3167 684 3210 non
709 3143 844 3232 fulgetis
866 3147 1099 3236 extrinsecus,
1136 3208 1138 3213 .

66 3271 159 3334 bona
186 3241 489 3331 vestra'introrsna
512 3259 654 3325 obversa
683 3277 774 3325 sunt.
817 3260 918 3326 Ferte
952 3261 1102 3330 fortiter.

67 3377 286 3450 Contemnite
308 3389 560 3462 paupertatem
588 3362 795 3440 contemnite
815 3372 967 3441 dolorem
986 3382 1082 3445 etc.'’
1102 3410 1105 3414 ’

112 3494 160 3561 Il.
186 3493 316 3558 Auctor
337 3486 498 3570 epistolae
518 3486 561 3550 ad
577 3485 749 3554 Hebraeos
762 3489 853 3555 idem
870 3508 1105 3574 argumentum

69 3609 199 3678 eodem
215 3602 383 3675 ,methodo
404 3616 545 3684 tractat,
562 3625 629 3691 qua
643 3600 772 3669 Seneca
790 3604 827 3668 in
842 3602 934 3669 libro
953 3601 996 3668 de
1013 3627 1105 3693 pro-

70 3719 237 3795 videntia.
985 3716 989 3726 ⁴

113 3861 153 3907 a.
176 3820 309 3903 >ductor
329 3827 490 3922 epistolae
512 3825 556 3893 ad
578 3827 682 3894 Hebr.
704 3826 747 3894 nd
765 3830 963 3922 patientiam
980 3834 1017 3900 in
1038 3837 1108 3902 ad*

74 3951 185 4019 vasis
206 3963 242 4013 et
259 3946 482 4012 constantiam
506 3943 541 4006 in
564 3941 727 4029 religione
748 3944 876 4011 tuenda
899 3948 1112 4018 Christianos

75 4060 344 4135 Palaestinenses
371 4055 574 4123 adhortatur
595 4061 722 4122 multia
743 4061 911 4145 exemplis
934 4084 974 4130 ex
1000 4065 1113 4132 histo-

74 4183 133 4260 ςὴ
162 4173 373 4265 ludaeorum
397 4170 614 4262 depromtie,
644 4186 681 4236 st
704 4167 830 4259 teat,
865 4174 950 4266 quid
984 4179 1115 4257 virtus,
