2604 4740
525 320 740 453 (2091

121 539 274 625 docent,
297 541 357 610 sed
374 540 534 633 nuspiam
550 544 590 611 in
610 541 794 611 itineribus
811 545 1007 643 apostolicis
1023 547 1167 624 Romam

120 653 272 742 tetigisse
297 656 519 747 perhibetur.
957 684 964 695 ·

142 781 195 838 ,4.
218 767 382 855 Petrus,
405 769 449 836 ad
473 791 578 861 quem
598 771 759 840 nonnulli
783 772 962 865 epistolam
981 775 1169 863 referunt,

120 883 148 950 si
167 882 275 950 fuerit
290 884 434 968 Romae,
459 902 551 952 certe
572 902 645 954 tum
666 889 831 976 temporis
848 913 919 955 non
937 887 1005 959 fuit
1021 895 1168 979 Romae,

121 1019 201 1066 cum
229 996 421 1066 secundum
453 1025 563 1068 meam
600 1002 805 1070 sententiam
840 1026 946 1095 supra
979 1009 1169 1098 expositam

120 1111 265 1201 epistola
288 1112 332 1180 ad
355 1114 530 1181 Hebraeos
551 1115 773 1185 scriberetur.
820 1118 911 1184 Acta
938 1118 1049 1203 enim,
1080 1145 1169 1212 quae

119 1224 300 1295 historiam
325 1225 422 1294 Pauli
445 1253 553 1321 usque
584 1229 628 1296 ad
660 1231 769 1297 finem
797 1230 932 1299 biennii
963 1231 1169 1324 captivitatis

116 1341 192 1428 ejus
205 1340 384 1428 referunt,
403 1342 498 1410 Petri
517 1345 644 1411 Romae
667 1343 858 1433 praesentis
878 1353 1048 1435 nusquam
1064 1370 1168 1415 men·
1271 1359 1277 1371 '

115 1454 250 1524 tionem
271 1454 422 1539 faciunt,
446 1456 541 1546 quod
565 1458 725 1549 profecto
743 1457 924 1542 fecissent,
943 1458 972 1526 si
988 1459 1168 1530 adfuisset.

112 1569 241 1660 Neque
272 1570 419 1654 Petrus,
451 1572 583 1663 quippe
607 1575 757 1665 piscator
784 1570 980 1656 Galilaeus,
1009 1575 1038 1640 is
1066 1592 1171 1662 erat,¹

113 1708 224 1776 quem
242 1683 371 1752 Seneca
388 1681 426 1751 in
451 1683 716 1755 familiaritatem
735 1683 926 1755 adsciscere
946 1705 1071 1777 posset.

159 1802 195 1868 5.
219 1801 391 1876 Marcus,
418 1778 643 1868 consobrinus
669 1802 867 1884 Barnabae,
890 1799 986 1868 Pauli
1012 1820 1047 1871 et
1071 1805 1167 1873 Petri

115 1888 231 1982 comes
255 1913 321 1981 fuit
348 1912 490 2006 quidem
515 1915 641 1981 Romae
669 1914 762 1981 inter
787 1913 1020 2004 captivitatem
1045 1919 1166 1987 Pauli-

111 2051 219 2108 nam,
253 2028 317 2097 cfr.
341 2027 416 2096 Col.
430 2029 500 2109 IV,
526 2050 586 2105 ιι,
610 2011 756 2095 Philem.
772 2029 832 2096 24.
873 2030 953 2096 Non
973 2046 1109 2115 tamen,
1128 2048 1169 2100 ut

113 2143 262 2227 Paulus,
279 2141 431 2236 captivus
450 2142 488 2207 in
507 2141 681 2231 praetorio
701 2141 943 2226 detinebatur,
962 2143 1023 2210 ubi
1037 2144 1111 2230 illi,
1129 2161 1170 2214 ut

115 2256 250 2341 Paulo,
271 2255 510 2346 opportunitas
535 2254 701 2323 Senecam
717 2253 864 2325 videndi
880 2271 915 2323 et
937 2259 1169 2344 cognoscendi

117 2371 194 2439 dari
207 2386 333 2464 posset.
355 2369 476 2459 Neque
494 2368 716 2456 Evangelium
733 2373 807 2456 ejus
822 2372 912 2458 sapit
927 2371 1036 2438 Stoici
1055 2371 1168 2464 quid·
1235 2348 1241 2367 ’

120 2486 227 2571 dam,
249 2507 365 2576 neque
385 2506 464 2551 eum
485 2501 660 2552 auctorem
680 2483 808 2569 refert,
829 2483 891 2574 qui
911 2501 1065 2554 nostram
1083 2486 1167 2582 epi-

119 2600 240 2667 stolam
261 2594 420 2666 scribere*
432 2599 610 2685 potuisset.

158 2719 195 2787 6.
219 2715 317 2782 Idem
339 2713 383 2780 de
404 2711 584 2781 Clemente
603 2715 788 2791 Romano,
800 2732 905 2804 quem
922 2707 1022 2780 multi
1042 2731 1167 2781 aucto·

120 2855 193 2899 rem
214 2844 353 2896 nostrae
383 2824 543 2920 epistolae
571 2825 756 2905 iecerunt,
786 2824 903 2894 dicere
929 2825 1023 2894 licet.
1068 2828 1166 2894 vixit

119 2941 261 3036 quidem
280 2943 407 3010 Romae
429 2928 466 3009 et
489 2941 585 3009 Pauli
606 2943 733 3031 captivi
752 2942 879 3009 amicus
901 2938 1166 3025 suitPhil.1V,

119 3061 151 3129 5.
197 3056 268 3127 Sed
292 3082 407 3146 neque
436 3054 577 3139 isfuit,
607 3080 711 3146 quem
742 3060 873 3125 Seneca
903 3057 1113 3143 suspiceret,
1138 3055 1168 3123 si

117 3170 169 3240 vel
189 3188 394 3255 statuamus,
416 3170 514 3237 illum
536 3171 669 3260 saepius
698 3171 872 3260 captivum
895 3169 1087 3258 apostolum
1106 3170 1166 3237 vi-

118 3309 192 3356 sere
214 3283 351 3352 solitum
371 3310 467 3368 esse,
491 3307 606 3375 neque
626 3282 772 3374 epistola
796 3286 870 3370 ejus
896 3280 941 3348 ad
965 3282 1166 3350 Corinthios

116 3399 248 3490 ingenii
267 3414 302 3466 et
323 3399 565 3491 eloquentiae
555 3400 698 3485 msignis
717 3397 813 3465 testis
835 3413 923 3475 est.
933 3420 1048 3486 neque
1065 3397 1165 3465 Stoi·
1244 3458 1247 3465 .

117 3516 151 3584 ei
172 3514 261 3606 quid
281 3514 447 3585 continet.
492 3511 747 3596 Conferantur,
772 3534 859 3602 quae
886 3511 926 3578 in
955 3510 1069 3647 capite
1091 3535 1162 3578 an-

116 3628 297 3700 tecedenti
318 3626 361 3696 de
381 3628 559 3696 Clemente
582 3625 676 3693 dicta
699 3642 789 3693 sunt.

161 3743 509 3813 Commemorantur
498 3766 537 3808 ιιι
557 3740 719 3835 Epistolis
731 3737 883 3806 Paulinis
901 3737 1109 3807 nonnulli
1077 3764 1161 3810 san-

115 3859 276 3928 culorum
301 3858 408 3940 socii,
431 3882 461 3924 e.
475 3881 505 3941 g·
530 3855 799 3936 Aristarchus,
824 3854 897 3920 Col.
914 3856 983 3931 lv,
1007 3879 1070 3941 103
1101 3859 1164 3924 E·

104 3971 479 4066 paphras,fundator
495 3970 654 4036 ecclesiae
675 3967 900 4066 ¹Colossensis‚
927 3967 1000 4036 Col.
1009 3970 1078 4052 IV,
1096 3990 1160 4053 ιιι

109 4089 180 4158 cfr·
204 4087 349 4155 Philem.
372 4091 430 4158 252
464 4085 524 4153 sed
547 4083 701 4153 homines
728 4083 867 4150 fuerunt
895 4082 1026 4170 ignoti,
1056 4083 1162 4172 magis

859 4201 899 4259 14
