2604 4740
553 102 590 207 ’(
635 113 752 206 ass)

141 284 180 370 ιιι
204 316 320 370 nostra
342 301 487 394 epistola
507 300 715 380 occurrunt.
748 304 879 371 auctori
897 300 969 395 ejus
993 307 1095 376 fuisse
1115 302 1185 399 ned

129 400 222 483 Ιιιιιιι
248 414 397 511 aliquem
424 439 503 484 cum
532 416 655 485 Stoicis
677 433 713 486 et
739 414 880 487 Seneca.
924 419 1029 488 Multi
1053 440 1184 493 ιιιοοιιό

138 532 267 598 tiorum
285 531 500 621 existimant,
531 539 704 600 auctorem
723 550 880 600 nostrum
905 529 1059 605 Judaeis
1082 534 1180 606 Ale

124 640 330 714 'aaadriais
348 666 425 712 eoae
448 657 662 733 cognatum,
686 644 821 715 scholae
840 647 1092 718 Alexandrinae
1108 649 1179 717 alu-

126 756 258 827 ¹ln'nuin
286 776 321 826 ct
351 757 536 843 asseclam,
572 762 734 850 quoniam
762 746 947 830 nonnullae
975 760 1114 850 phrases
1142 781 1178 832 et

136 870 326 940 sententiae
347 872 385 941 in
403 886 520 942 nostra
536 874 678 970 epistola
697 888 900 959 occurrant,
924 902 1010 968 quac
1023 870 1177 945 Philonis

125 974 232 1054 ‘libris
255 994 336 1054 sont
357 980 556 1079 peculiares.
602 991 779 1057 Confiteor
800 992 892 1058 in't'e'r
910 982 1002 1059 locos
1021 993 1175 1061 Philonia

132 1119 269 1169 nostrae
300 1101 463 1191 epistolae
493 1101 714 1199 parallelos,⁴
738 1116 824 1207 quos
858 1104 1108 1173 SchuIzius
1136 1084 1175 1174 in

132 1216 327 1306 appendice
348 1215 392 1282 ad
409 1215 539 1283 librum
560 1210 693 1306 saepius
716 1200 892 1286 laudatum
911 1215 1064 1308 profert,
1087 1243 1177 1288 non·

131 1327 244 1396 nullos
268 1353 338 1396 esse
362 1355 441 1398 vere
465 1328 671 1423 parallelos,
691 1328 752 1398 sed
770 1348 839 1399 no'n
855 1347 993 1413 omnes,
1017 1360 1087 1405 non
1101 1326 1176 1444 ple·

130 1469 269 1537 rosque.
322 1445 527 1512 Accuratius
554 1445 673 1511 citatos
693 1445 785 1513 locos
814 1448 1004 1516 secundum
1024 1468 1171 1518 contex-

131 1576 206 1628 tum
218 1559 334 1648 legens
346 1556 478 1650 reperi,
501 1560 539 1626 in
558 1556 671 1626 multis
682 1585 803 1650 parum
818 1562 1074 1632 convenientiae
1095 1588 1173 1636 cum

126 1662 249 1743 'nostra
267 1673 411 1764 epistola
440 1698 523 1743 esse.
578 1673 646 1742 Sed
670 1675 914 1762 concedamus,
946 1700 1062 1745 omncs
1088 1682 1170 1748 istos

128 1784 221 1860 locos
242 1814 323 1859 vere
343 1786 523 1880 parallelos
543 1800 634 1872 esse,
649 1807 683 1858 et
701 1784 784 1856 inde
808 1787 934 1857 nerium
948 1778 1173 1883 aliquem‘aas

129 1896 233 1974 ctoris
249 1930 326 1972 cum
334 1904 479 1972 Philone
494 1903 657 1993 probarit
683 1909 760 1996 pari
776 1909 852 1994 jure
865 1908 967 1974 etiam
982 1904 1067 1974 mihi
1085 1932 1169 1977 con·

128 2012 290 2103 cudetur,
323 2022 369 2089 ob
389 2019 496 2087 multo
521 2017 685 2106 majorem
712 2020 988 2089 convenientiam
1007 2023 1170 2112 epistolae

124 2142 262 2204 ¹nostrae
284 2159 363 2203 cum
386 2131 508 2204 Stoicis
535 2139 570 2201 'et
598 2133 747 2219 Seneca,
779 2161 881 2228 quam
905 2134 1171 2207 docuisse'arbi·

123 2230 221 2335 troc,
245 2252 377 2318 auctori
396 2266 513 2318 nostro
536 2273 614 2316 cum
635 2250 758 2318 Stoicis
772 2262 807 2318 et
822 2255 953 2318 Seneca
967 2267 1090 2319 nexum
1107 2251 1170 2322 ali-

126 2386 229 2454 quem
251 2363 373 2450 fuisse,
398 2364 600 2454 praesertim
620 2387 697 2430 cum
715 2363 905 2431 secundum
924 2386 1032 2431 meam
1048 2365 1168 2459 hypo-3

124 2474 238 2545 thesin
264 2479 329 2544 ista
359 2477 598 2545 convenientia
625 2493 760 2544 nostrae
786 2474 949 2566 epistolae
975 2503 1053 2548 cum
1080 2480 1169 2548 nona'

122 2590 224 2660 nullis
239 2592 449 2659 Phssonianis
461 2590 637 2660 commode
655 2587 823 2688 explicari
837 2593 968 2682 possit,
991 2580 1086 2685 quod
1102 2597 1164 2665 in⁴

121 2704 176 2774 lca
199 2707 392 2773 docebitur.
919 2771 922 2778 ,
1066 2690 1068 2694 ’

123 2820 127 2829 ’
166 2821 272 2888 Hunc
292 2839 374 2886 vero
399 2840 523 2887 nexum
543 2816 636 2886 inter
656 2835 828 2888 auctorem
856 2834 1011 2888 nostrum
1038 2839 1072 2891 et
1097 2827 1167 2895 Se·

123 2954 243 3003 necam
273 2958 350 3002 eum
376 2960 448 3001 esse
474 2935 623 3024 potuisse
653 2934 848 3016 contendo,
883 2951 923 2999 ut
949 2937 1002 3003 vel
1031 2950 1165 3009 auctor·

123 3065 275 3139 uterque
295 3075 338 3117 ex
353 3049 590 3136 eodemfoate
609 3050 796 3126 hauserit,
819 3047 872 3115 vel
895 3053 991 3118 alter
1008 3058 1162 3125 alterius

124 3167 266 3252 toripta
288 3162 440 3250 legerit,
463 3163 517 3230 vel
542 3179 661 3229 auctor
680 3177 795 3229 noster
814 3186 895 3232 cum
914 3165 1050 3234 Seneca
1073 3194 1165 3250 coa·

124 3277 354 3346 suetudinem
377 3276 549 3369 quandam
572 3275 743 3343 habuerit.

165 3397 209 3466 A.
239 3394 370 3459 Auctor
388 3408 504 3459 noster
522 3398 564 3458 cx
577 3386 819 3479 eodemfoatd
831 3411 914 3462 cum
928 3394 1063 3463 Seneca
1080 3391 1167 3464 hau·

123 3506 189 3576 rire
204 3508 355 3597 potuit,
379 3523 502 3594 nempe
528 3504 728 3589 alonte,
717 3524 819 3598 quem
847 3499 971 3574 Zeno'
961 3533 998 3575 ιιι
1024 3513 1163 3601 porticu

124 3612 275 3712 aperuit,
291 3641 325 3688 et
347 3621 407 3711 qui
429 3616 471 3684 ab
494 3621 567 3705 ejus
590 3622 814 3688 sectatoribus
835 3639 899 3709 per
918 3621 1040 3690 multos
1060 3625 1159 3713 rivu—
1223 3675 1224 3681 ι

124 3731 171 3803 los
191 3736 364 3802 derivatus
383 3730 477 3798 Pauli
496 3751 529 3800 et
550 3732 701 3801 Senecae
723 3730 935 3823 temporibus
960 3754 1067 3804 totum
1089 3732 1160 3808 fere

128 3847 267 3919 liotnani
288 3847 424 3938 imperil
446 3844 611 3917 ambitum
633 3862 829 3938 pervagatus
845 3867 906 3917 cst.
952 3854 1067 3920 Potuit
1082 3878 1163 3942 crgo
