2604 4740
569 422 584 512 l
621 425 663 496 ⁴3
703 425 720 513 )

122 587 292 691 'sd-283
324 607 476 698 V,8‚9·
533 608 664 678 Locum
688 610 803 700 11,9:
834 612 944 690 'Orat
962 610 1073 698 χάριτι
1095 613 1163 683 tran

130 727 206 808 ὑπὲρ
232 726 351 800 παντὸς
377 725 531 806 γεύσηται
556 727 686 798 landeata
713 724 816 792 citare
844 723 972 803 nolim,
1003 726 1166 818 quoniam

124 836 310 927 explicatio
331 836 465 925 phrasis
487 843 563 924 ’ὑπὲρ
587 846 724 918 παντὸς,
744 863 813 926 pro
842 851 919 906 toto
938 863 1069 928 genere
1090 839 1168 908 du·¹

127 974 256 1034 mono,
289 946 343 1018 vel
370 975 444 1040 pro
464 954 653 1037 omnibus,
679 952 763 1022 falsa
792 954 878 1022 mihi
903 975 974 1023 esse
1005 949 1166 1037 videtur,

126 1053 225 1156 quud
246 1065 339 1131 inira
359 1065 499 1133 uberius
522 1067 666 1137 docebo.

171 1173 208 1263 γ.
239 1177 375 1247 Deinde
405 1180 565 1268 docetur,
599 1186 735 1252 nolenti
758 1185 848 1251 Iesu
868 1183 935 1249 ista
958 1179 1046 1247 mala
1066 1178 1163 1249 acci·

127 1290 233 1363 disse.
262 1293 371 1362 Hchr.
395 1294 547 1372 lx,142
571 1303 781 1384 Προςῆνεγκεν
800 1303 909 1368 icaria
929 1302 972 1383 τῷ
990 1301 1055 1382 θεῷ.
1090 1297 1165 1382 Ap·

125 1408 279 1499 plicatur
299 1407 344 1475 ad
367 1407 482 1477 Jcsum
502 1411 652 1478 Psalmus
678 1413 742 1479 XL
766 1430 802 1509 et
821 1412 934 1480 verbis
960 1408 1085 1477 Psalmi
1103 1408 1163 1474 lo·

127 1547 240 1614 quens
264 1522 526 1596 introduciturr
560 1527 638 1600 'llari
658 1527 719 1609 ἥκω
744 1533 801 1599 toi
823 1535 968 1609 norim,
991 1532 1005 1598 ὃ
1026 1527 1162 1607 driusi

126 1640 250 1722 θέλημά
273 1667 338 1710 σου.

172 1754 201 1823 i·
231 1750 392 1845 Denique
420 1771 539 1823 auctor
562 1755 725 1846 epistolae
746 1772 882 1823 nostrae
909 1751 1015 1836 dicit,
1046 1751 1163 1819 Jcsum

125 1888 307 1934 aerumnas
336 1870 456 1936 mortis
479 1888 639 1938 cruentae
659 1889 694 1938 et
718 1869 960 1968 ignominiosae
982 1864 1162 1955 pertulisse

108 1985 170 2047 'ex
200 1981 348 2049 decreto
377 1983 496 2050 divino
528 2008 592 2076 per
612 1983 798 2078 prophetas
831 1982 876 2050 V.
901 1984 946 2049 Τ.
977 1978 1160 2071 patefacto.

125 2095 204 2163 Huc
231 2112 366 2185 spectat
397 2098 506 2166 Hebr.
529 2098 599 2182 IX,
626 2100 684 2167 14:
720 2097 877 2164 Christus
902 2118 937 2161 se
960 2077 1087 2160 obtulit
1111 2098 1162 2166 itai

124 2212 305 2294 maduerat
330 2218 468 2293 ulnulas,
491 2213 570 2295 vel,
593 2230 631 2278 ut
659 2210 715 2279 alii
744 2210 884 2293 volunt,
904 2214 957 2282 tta
984 2211 1162 2293 πνεύματος

127 2327 242 2410 ἁγίου,
273 2323 409 2412 idest,
437 2325 627 2395 secundum
654 2325 832 2394 decretum
855 2326 1031 2403 divinum,
1064 2319 1161 2414 quod
1219 2363 1222 2368 »

124 2441 272 2526 ἅνθρωποι
293 2440 378 2525 ἅγιοι
405 2444 566 2532 <papianus
589 2445 648 2513 ὑπὸ
675 2443 852 2526 πνεύματος
876 2441 990 2536 ἁγίου,
1023 2459 1042 2504 ²
1066 2438 1169 2504 Patr.—

122 2551 164 2630 I,
183 2575 245 2637 οι,
265 2552 451 2650 inscriptis
463 2559 507 2628 V.
522 2558 567 2623 Τ.
582 2554 834 2645 patefecerunt.
855 2553 960 2620 Plura
981 2549 1026 2620 de
1043 2549 1162 2643 phrasi

122 2674 250 2752 πνεῦμα
270 2669 386 2741 uitiator
405 2668 498 2737 infra
517 2668 691 2736 dicentur.

169 2781 302 2849 Seneca
321 2784 456 2851 easdem
480 2803 597 2850 causas
620 2781 743 2866 affert,
764 2805 805 2849 ex
827 2779 952 2874 quibus
974 2776 1161 2871 providen-

123 2893 175 2962 tia
198 2893 314 2964 divina
341 2898 441 2966 bonis
469 2897 549 2967 viris
582 2895 670 2966 mala
695 2916 731 2966 et
759 2896 964 2965 calamitates
986 2874 1160 2961 immittat.

126 3006 262 3076 Scribit
274 3009 316 3076 ad
335 3007 505 3078 Lucilium
524 3013 563 3079 in
580 3011 703 3079 libello
718 3010 762 3078 de
778 3010 1016 3100 providentias
1040 3039 1055 3082 a
1074 3007 1162 3075 Dico

122 3121 212 3207 ista,
248 3148 336 3216 quae
366 3141 404 3192 tu
433 3149 531 3194 vocas
561 3149 706 3219 aspera,
739 3125 903 3203 adversa,
934 3122 1162 3193 abominanda

117 3238 247 3327 primo
258 3263 332 3327 pro
348 3242 440 3328 apsis
453 3241 576 3331 (bonis
591 3220 673 3309 viris
684 3245 700 3325 )
711 3263 802 3316 esse,
826 3240 951 3328 quibus
972 3237 1156 3312 accidunt}

123 3353 256 3420 deinde
269 3377 341 3441 pro
364 3334 565 3439 universis,
589 3378 735 3446 quorum
757 3356 865 3439 maior
891 3376 971 3418 cura
993 3352 1064 3419 Diis
1090 3367 1161 3430 est,

124 3490 232 3556 quam
259 3466 481 3554 singulorum.
540 3471 721 3537 Postdaec
749 3467 953 3535 volentibua
982 3466 1159 3534 accidere.
1233 3558 1235 3562 μ

124 3579 189 3648 His
219 3559 380 3667 adjiciam
397 3583 485 3670 satu
507 3583 571 3649 iste
597 3582 722 3650 ficri.''
776 3579 849 3646 Hoc
873 3577 994 3648 ordine
1017 3595 1088 3644 toto
1110 3576 1161 3643 li·

124 3692 220 3763 bello
238 3695 432 3790 procedens
458 3697 622 3790 exponit,
653 3717 714 3769 cur
741 3693 841 3760 bonis
866 3694 950 3763 viris
976 3691 1064 3758 mala
1087 3691 1160 3760 im·

124 3809 329 3894 mittantur,
360 3829 393 3878 et
425 3813 562 3879 uberius
586 3808 758 3894 ostendit,
791 3808 878 3876 mala
905 3808 968 3873 ista
992 3830 1064 3874 esse
1090 3831 1158 3874 ne·

125 3949 300 4016 quaquam
320 3923 504 4013 ejusmodi,
526 3943 566 3992 ut
589 3924 677 3992 viros
698 3923 826 4013 probos
843 3947 863 3988 a
880 3923 955 3990 veri
974 3938 1009 3991 et
1025 3921 1160 3991 honesti

123 4041 261 4105 tramite
282 4037 443 4106 recedere
467 4056 598 4125 cogant.

170 4153 377 4241 Discrimen,
400 4151 493 4245 quod
515 4154 607 4220 inter
626 4152 717 4218 hanc
733 4147 967 4219 tractationem
984 4151 1162 4244 utriusque
