2604 4740
565 387 745 479 (¹70)

126 599 267 672 cap.1z
319 573 470 644 «Tenet
500 594 555 638 me
588 594 737 639 summus
770 595 865 640 amor
903 575 1168 664 parsimoniae.”.

123 694 171 758 Et
192 690 357 783 pecuniae
379 685 541 752 damnum
562 684 616 754 tel
637 688 825 773 jacturam,
848 685 877 751 si
897 688 1040 778 quando
1058 714 1164 785 expe·

125 805 276 881 riretur‚
305 825 416 894 quam,
431 801 552 871 acerbe
581 802 719 887 tulerit,
747 804 786 870 in
815 801 936 871 eodem
964 804 1059 872 libro
1080 829 1112 873 c.
1135 807 1166 876 8.

122 919 182 987 bis
204 917 317 987 verbis
341 931 507 985 testatur:
551 915 627 988 eSi
656 919 770 986 omnia
790 917 878 1003 alia,
912 919 1040 1009 quibus
1069 918 1166 1008 angi·

111 1010 225 1116 'inum
248 1052 423 1121 compares
440 1055 517 1099 cum
533 1031 574 1097 iis
596 1055 682 1123 quae
706 1031 806 1099 nobis
828 1030 915 1099 mala
937 1033 1080 1102 exbibet
1099 1057 1163 1123 pe.

123 1151 227 1214 cunia
247 1163 385 1223 nostra.
409 1146 494 1213 baec
513 1168 593 1235 pars
611 1146 757 1214 multum
779 1149 1029 1235 praegravabit.
1064 1149 1165 1216 Erras

127 1263 242 1345 enim,
274 1261 303 1328 si
332 1277 431 1355 putas
452 1260 632 1329 animosius
662 1260 867 1328 detrimenta
896 1263 1020 1331 divites
1049 1261 1163 1348 semp

125 1376 279 1444 maximis
298 1376 515 1465 minimisque
540 1376 741 1464 corporibus
764 1397 827 1468 par
847 1391 899 1442 est
922 1374 1022 1447 dolor
1041 1375 1164 1444 vulne·

129 1494 192 1558 ris.
235 1491 319 1558 Bion
349 1489 519 1576 eleganter
552 1490 620 1556 aits
650 1512 721 1554 non
749 1489 863 1554 minus
895 1490 1075 1555 molestum
1104 1513 1170 1558 este

129 1606 272 1672 comatis
306 1628 407 1693 qnam
438 1598 566 1684 calvis,
601 1602 690 1689 pilos
723 1600 839 1670 velli.''
892 1603 978 1696 Quis
1004 1606 1170 1684 miretur.

129 1718 305 1784 bominem
326 1731 420 1780 tanta
437 1712 632 1785 divitiarum
654 1717 751 1804 copia
775 1717 981 1783 instructum
1001 1734 1037 1784 et
1059 1742 1170 1810 pecu·

132 1832 210 1896 niae
232 1831 323 1914 justo
341 1828 565 1897 amantiorem
588 1853 659 1899 non
681 1853 855 1920 propenso
879 1855 959 1916 erga
975 1831 1173 1918 religionem

35 2030 37 2033 ι
133 1944 365 2012 Christianam
386 1942 500 2009 animo
523 1942 651 2025 fuisse,
673 1945 872 2034 praesertim
890 1961 963 2012 tum
986 1946 1175 2036 temperis,

134 2057 392 2148 complerique
412 2058 599 2125 Christiani
621 2073 768 2144 egestate
783 2057 1001 2143 laborarent,
1019 2075 1056 2128 et
1080 2060 1179 2130 divi·

134 2175 254 2257 tibus,
286 2172 402 2260 siqui
433 2170 478 2237 ad
510 2192 606 2239 sacra
637 2171 910 2242 Christianorum
932 2176 1174 2256 accessissent,

135 2306 263 2373 egestas
296 2285 481 2354 multorum
510 2308 553 2352 ex
582 2286 650 2351 suis
679 2287 803 2378 opibus
827 2287 1051 2355 sustentanda
1077 2307 1179 2360 esset.

136 2405 225 2493 Quis
255 2418 326 2467 non
359 2396 561 2466 recordetur
582 2398 674 2466 effati
699 2399 779 2466 Jesu
801 2401 895 2493 apud
923 2402 1051 2470 Mattb.
1073 2404 1179 2483 xlx,

128 2521 203 2588 ula
242 2515 443 2598 εὐκοπώτερόν
472 2517 539 2587 ἐστι
568 2514 708 2597 κάμηλον
739 2517 791 2585 aa
824 2519 1024 2602 τρυπήματος
1050 2525 1182 2608 leodac

44 2653 46 2657 ’
133 2637 283 2713 διελθεῖν,
302 2633 320 2710 ἢ
344 2630 488 2718 πλούσιον
511 2631 555 2707 aie
577 2631 818 2711 sindewalem
837 2638 891 2701 τοῦ
918 2636 983 2704 θεοῦ
1005 2637 1179 2722 cicendelus

180 2748 216 2813 d.
240 2746 406 2814 Senecam
429 2766 561 2837 porro,
584 2765 789 2833 quamquam
815 2742 1081 2835 philosophum,
1104 2772 1179 2815 nen

134 2859 407 2948 temperandus
429 2858 657 2947 ejusdemque
683 2858 810 2925 coloris
837 2872 875 2926 et
896 2863 1032 2929 tenoris
1059 2865 1099 2930 in
1124 2863 1180 2931 di·

138 2976 210 3041 ctis
218 2969 556 3060 factisquefttiaae,
577 2987 612 3035 et
631 2968 709 3057 plus
730 2979 832 3060 quam
850 2971 1092 3064 philosophum
1108 2978 1177 3044 dc·

137 3106 214 3164 cet,
237 3109 279 3150 ex
304 3083 379 3152 utili
400 3084 522 3171 agendi
543 3102 578 3153 ct
593 3083 760 3179 loquendi
776 3087 925 3153 rationes
944 3090 1058 3157 metiri
1082 3107 1175 3159 tem..

51 3273 53 3279 y
135 3201 350 3298 paribusque
375 3198 541 3266 inservire
567 3200 703 3265 solitum
731 3199 853 3283 fuisse,
876 3203 990 3268 multis
1009 3228 1050 3270 ex
1078 3205 1181 3271 rebus

117 3331 245 3412 patet.
290 3314 376 3404 Quia
404 3330 476 3396 est,
500 3315 559 3404 qui
578 3314 773 3403 approbet,
796 3338 884 3417 quae
904 3319 1030 3383 Seneca
1054 3319 1090 3384 in
1112 3343 1178 3387 cx„

139 3427 216 3497 silio
238 3425 282 3493 ad
305 3426 484 3515 Polybium
505 3427 640 3493 Claudii
665 3426 829 3498 libertum
857 3429 901 3495 dc
927 3430 1042 3496 lratris
1069 3449 1181 3500 morte

138 3543 314 3629 lugentem
331 3541 496 3629 scripsit?
518 3543 594 3633 quis
617 3566 687 3608 non
705 3542 921 3629 indignetur,
937 3543 1182 3634 philosophum

140 3647 201 3725 tili
232 3640 426 3722 adulatione
456 3652 617 3744 {aleisque
648 3654 806 3721 laudibus
836 3657 953 3725 liberti
979 3675 1015 3725 et
1043 3660 1182 3728 Claudii

139 3767 413 3836 benevolentiam
432 3783 625 3856 captantem
648 3768 740 3859 (15),
762 3768 873 3857 illius,
894 3774 1056 3864 inquam.
1082 3776 1185 3844 Clau·

140 3993 347 4014 q———a-t-

132 4168 136 4179 ,
182 4116 253 4190 (ιὸ)
270 4118 329 4190 lpse
345 4119 715 4192 Lipains‚delemcr{Seneeae
731 4125 886 4192 acerrimus,
896 4125 925 4182 in
937 4127 1006 4184 notis
1022 4129 1055 4184 ad
1072 4129 1190 4186 banell-
