2604 4740
581 352 759 448 (203)

176 530 250 608 llos
270 563 350 608 vero
371 538 416 607 de
439 538 534 610 nullo
559 558 632 608 tum
652 542 817 631 temporis
841 542 984 613 doctore
1007 531 1185 618 Christis-t

130 671 178 738 no
199 655 318 724 doceri
343 671 473 743 potest,
500 675 645 746 excepto
666 657 769 723 unico
790 658 897 725 Lucu.

163 792 208 851 t.
232 771 385 859 Apollo,
409 771 464 836 oni
482 769 565 836 inde
588 798 606 836 a
626 771 781 838 Luthero
806 770 924 861 plures
950 792 1085 846 nostroe
1114 800 1178 846 esd

130 881 253 977 elesius
278 882 427 971 theologi
455 882 633 978 epistolem
656 901 808 951 nostram
828 885 1050 973 adjudicant,
1072 891 1176 978 inge·

132 996 185 1099 nii
219 989 360 1087 quidem
377 1016 427 1081 ,et
456 998 659 1066 eruditionis
686 1014 721 1065 et
744 997 961 1089 eloquentiae
988 1003 1078 1071 loma
1105 1004 1175 1071 flos

133 1113 216 1190 ruit.
259 1112 410 1179 Vocatur
437 1112 515 1180 Act.
537 1113 676 1196 XVIII,
710 1115 771 1194 24,
802 1119 875 1199 ἀνὴρ
898 1116 1003 1197 λόγως
1034 1119 1088 1187 καὶ
1115 1121 1176 1191 δη.-

133 1233 225 1306 ναιτὸς
234 1231 265 1297 ἐν
279 1237 349 1304 ταῖς
361 1237 504 1316 γραφαῖς
513 1273 524 1311 ‚
531 1228 719 1313 socundus
730 1227 833 1294 ltomo
851 1240 889 1295 et
900 1228 1121 1298 exercitatus
1135 1231 1176 1297 ia

90 1334 94 1341 ’
135 1345 175 1419 ις.
191 1343 229 1408 S.
244 1343 544 1429 interpretanda,
566 1343 693 1420 εὐτόνως
710 1352 773 1420 τοῖς
793 1341 945 1420 'tantalon
958 1345 1173 1426 διακατηλέγ-

133 1484 213 1547 χετο
234 1458 390 1544 δημοσίᾳ,
409 1460 577 1535 ἐπιδεικνὺς
601 1460 653 1526 διὰ
677 1466 737 1526 τῶν
764 1465 896 1544 ypaottv
917 1455 995 1528 eim
1020 1461 1073 1528 τὸν
1097 1471 1174 1543 xpt-

134 1578 208 1644 στὸν
229 1573 355 1651 Ἰησοῦν.
401 1569 451 1635 En
474 1570 575 1637 etiam
598 1589 711 1659 quae,
745 1572 859 1640 scor.
879 1573 915 1649 l,
936 1590 1000 1656 223
1036 1570 1108 1654 ΙΙΙ,
1130 1573 1180 1670 4,

133 1688 182 1767 5,
205 1704 259 1751 22.
292 1683 337 1748 de
356 1704 398 1749 eo
420 1680 607 1761 dicuntur,
631 1701 799 1772 arguunt,
820 1708 897 1753 eum
917 1683 1022 1751 luisse
1044 1684 1171 1753 sonun-

133 1798 192 1888 ‹lia
205 1798 391 1883 insignem,
408 1813 443 1863 et
453 1795 537 1864 hino
554 1796 759 1865 Christianis
770 1798 956 1866 Corinthiis
972 1821 1168 1889 percarum.

136 1900 204 1980 Sed
227 1908 316 1978 nihil
333 1927 511 2001 praeterea
532 1909 641 1999 deeo
660 1915 805 1995 seimus,
825 1899 955 2007 seriptu
976 1912 1072 1982 nulls
1097 1915 1171 2000 eius

134 2043 341 2117 supersunt,
364 2044 400 2092 et
416 2028 572 2116 nuspiam
587 2026 625 2091 in
647 2026 691 2094 N.
717 2027 761 2093 Τ.
779 2025 830 2093 vel
849 2028 887 2092 in
906 2013 1065 2093 Patribus
1082 2050 1170 2117 opo·

116 2112 259 2210 =stolicis
281 2156 316 2207 et
339 2138 414 2206 eliis
431 2138 575 2226 legitur,
598 2162 677 2206 eum
698 2139 823 2207 Romae
843 2138 968 2220 luisse,
989 2139 1051 2207 sed
1068 2157 1168 2229 post-

132 2279 236 2343 quam
271 2252 403 2344 Ephesi
433 2244 634 2338 religionem
663 2242 893 2322 Christianum
921 2253 1167 2343 adoptaverat,

11 2361 14 2368 ⁴
130 2369 292 2437 Corinthi
305 2384 341 2435 et
362 2366 468 2435 serius
488 2366 526 2433 in
546 2367 657 2434 insula
675 2368 780 2436 Crete
795 2366 917 2435 vixisse
935 2384 976 2435 et.
987 2368 1166 2456 docuisset

133 2485 207 2555 Tit.
222 2483 294 2566 ΙΙΙ,
319 2483 371 2553 th.

170 2619 202 2666 s.
225 2598 440 2675 Barnabas,
464 2599 519 2665 eui
541 2596 699 2700 nonnulli
723 2612 876 2666 nostram
897 2596 1076 2693 epistolam
1096 2599 1163 2666 tti-

126 2704 263 2791 hunnt,
286 2736 357 2780 non
382 2714 455 2779 sine
478 2711 592 2805 sliqus
615 2712 808 2779 eruditione
829 2712 932 2779 fnisse
954 2701 1165 2799 videtur,si
1209 2790 1212 2795 ,

123 2827 289 2923 epistole,
311 2849 398 2917 quse
415 2827 479 2894 sub
501 2826 639 2894 nomine
657 2826 730 2912 ejus
751 2825 1016 2904 circumfertur,
1037 2829 1162 2916 genui·

122 2967 168 3008 na
194 2957 257 3008 est.
303 2941 395 3024 Sed,
415 2964 623 3033 quamquam
648 2963 714 3030 per
739 2939 880 3032 aliquod
907 2955 1041 3035 tempus
1064 2941 1163 3011 Pauli

123 3079 234 3123 eomes
255 3055 335 3132 fuit,
359 3079 429 3123 non
456 3071 570 3121 temen
595 3053 722 3121 Romae
744 3054 846 3123 fuisse
872 3047 1044 3122 narratur.
1075 3057 1164 3126 Actu

124 3169 192 3239 XV
201 3194 220 3252 ‚·
236 3169 333 3240 56-
347 3194 397 3260 ¹9·
419 3170 596 3253 referunt,
620 3181 720 3252 eum,
742 3185 926 3262 postquem
951 3192 987 3237 se
1013 3196 1033 3236 s
1056 3170 1162 3239 Panlo

123 3300 362 3375 separaverat,
380 3286 417 3351 in
435 3283 547 3351 insula
562 3285 681 3375 Cypro
701 3283 868 3352 docuisse.
891 3284 1055 3369 Caetera,
1075 3304 1167 3375 quoe

125 3399 169 3466 de
189 3422 231 3465 eo
253 3398 457 3478 traduntur,
484 3401 618 3466 incerta
639 3416 729 3465 sunt.
769 3397 865 3466 Nihil
885 3401 985 3466 etism
1002 3400 1047 3466 de
1069 3402 1161 3469 Bar·

125 3514 235 3580 naboe
258 3511 453 3604 eloquentia
478 3530 634 3597 oonstot3
659 3510 1163 3601 AetX1v,12..P.u1i,non

124 3626 302 3694 Barnabae
324 3625 519 3718 eloquentis
536 3627 708 3695 laudatur.

168 3744 203 3810 5.
229 3742 397 3810 Silvanus
420 3741 472 3809 vel
495 3742 616 3824 Silus,
647 3743 703 3808 eui
723 3740 912 3810 Boehme
935 3737 960 3810 1.
981 3741 1008 3812 Ι.
1028 3746 1166 3838 θρίοισι·

122 3855 192 3927 lom
222 3875 373 3922 nostrum
404 3854 620 3923 tribuendam
650 3879 722 3923 esse
752 3871 896 3931 oenset,
924 3854 993 3923 luit
1020 3859 1164 3949 quidem

122 3970 220 4036 Pauli
244 3994 353 4057 eomes
381 3989 415 4038 et
438 3970 677 4063 ooo'pertrius,
701 3988 739 4038 ut
766 3969 881 4061 plures
901 3971 1068 4042 Actorum
1093 3974 1169 4044 loni
