2604 4740
584 402 751 489 (8⁰)

142 610 178 661 et
204 601 352 676 angusta«
370 601 406 652 et
435 585 533 653 exire
563 603 634 650 non
660 584 800 653 metuit.
861 584 936 654 Scit
960 588 1077 672 enim,
1112 606 1217 679 qus-

69 739 71 743 ⁴
141 707 307 783 exiturus
339 701 410 783 sit,
447 701 530 789 qni,
552 699 645 767 unde
670 701 830 783 venerit,
852 701 1048 770 meminit.’'
1090 703 1217 773 Pro·-

141 820 234 886 fecto
266 837 380 906 posses
410 812 573 891 credere,
605 814 772 882 Senecam
801 812 1020 896 descripsisse
1042 814 1180 901 iesum,

140 931 183 999 de
210 954 278 1020 qno
298 944 418 995 auctor
447 944 580 994 nostrae
611 927 772 1015 epistolae
795 927 881 993 dicit
905 927 1084 997 xlllrte
1120 931 1217 1012 '121²

140 1055 210 1122 coir
229 1047 356 1130 Χριστὸς
376 1047 450 1129 χθὲς
463 1045 515 1111 ursi
540 1045 668 1126 σήμερον
688 1045 877 1119 barisiensi
895 1047 939 1120 εἷς
956 1046 1028 1120 τοὺς
1046 1049 1177 1124 scitisne,

140 1160 180 1227 id
201 1177 273 1237 est,
291 1183 384 1225 unua
405 1152 568 1244 idemque
596 1179 736 1242 semper
746 1179 825 1243 par
841 1157 913 1222 sibi
923 1160 1017 1249 (rs),
1037 1150 1187 1252 snpien-

140 1273 302 1348 tissimus‚
319 1287 373 1352 et,
389 1295 490 1360 quem
514 1272 686 1334 imitemur
707 1266 936 1354 dignissimus.
978 1272 1095 1341 Nolim
1117 1295 1186 1342 re-

138 1387 260 1455 cedere
287 1412 305 1451 a
335 1384 465 1469 vulgari
490 1384 775 1475 interpretatione
805 1384 988 1452 verborum
1016 1391 1189 1474 ἀρχιερεὺς

139 1513 195 1581 τῆς
221 1506 387 1586 ὁμολογίας
406 1503 510 1581 ἡμῶν,
531 1515 572 1562 nt
588 1514 709 1563 notent
727 1499 955 1584 sacerdotem,
979 1523 1082 1588 quem
1099 1524 1192 1589 pro·

137 1617 289 1681 fitcmur.
312 1611 379 1679 Sed
402 1613 557 1701 proiecto
578 1609 739 1676 doctrina
762 1614 863 1697 hujus
887 1613 1097 1694 sacerdotis,
1114 1638 1185 1683 nos

122 1727 342 1804 admonens,
367 1742 406 1791 ut
424 1724 466 1790 ad
487 1728 560 1811 ejus
580 1725 774 1818 exemplum
789 1744 938 1793 nostram
957 1730 1061 1796 vitam
1077 1754 1177 1797 com·

135 1863 301 1930 ponamus
332 1840 474 1925 (Senec.
506 1839 573 1929 Ep.
593 1861 635 1907 20
669 1857 704 1905 et
728 1842 804 1928 55.)
830 1841 930 1907 nobis
949 1865 1089 1931 pares,
1114 1847 1184 1913 uni

136 1958 258 2036 simus,
281 1979 351 2021 non
369 1956 486 2043 inepte
506 1957 660 2038 ὁμολογία
679 1953 750 2019 dici
768 1970 894 2044 posset.
938 1957 984 2023 Et
1003 1962 1079 2023 curn
1096 1980 1176 2023 sae·

132 2095 178 2162 pe
202 2088 320 2137 auctor
343 2085 459 2135 noster
488 2068 553 2132 hec
575 2091 658 2133 voce
681 2066 762 2134 clins
779 2067 915 2135 insolita
937 2087 1072 2154 mature
1095 2078 1176 2158 ὁμο·

132 2192 243 2268 λογίων
263 2185 456 2280 Stoicorum
475 2197 511 2248 et
537 2181 687 2249 Senecae
710 2183 747 2247 in
774 2181 888 2251 snim0
912 2182 1069 2253 habuisse
1093 2211 1175 2254 cre-

134 2299 242 2366 dibile
265 2315 328 2365 est.
1051 2290 1057 2299 ’

172 2416 248 2480 vox
270 2411 515 2495 κατασκευάζειν
542 2430 591 2476 vs·
612 2410 645 2478 4.
672 2408 767 2501 apud
793 2411 927 2479 Stoicos
949 2414 988 2480 in
1016 2410 1181 2503 usu'est,

133 2553 211 2595 curn
242 2528 344 2592 verba
378 2523 509 2591 faciunt
533 2521 577 2588 de
608 2523 680 2588 Deo
714 2525 835 2590 mundi
863 2527 1054 2597 conditore.
1116 2532 1173 2598 Ab

132 2640 312 2707 Antonino
335 2636 400 2703 lib.
417 2638 488 2714 VI,
508 2660 561 2728 29·
593 2639 684 2704 Deus
702 2637 841 2705 vocetur
864 2645 1176 2720 dxdtao‘xtvdo'm

130 2751 335 2842 (mundum)
365 2739 506 2835 δῦνωμις.
554 2752 645 2817 Hinc
666 2754 766 2820 etiem
786 2771 908 2822 natura
932 2757 1036 2824 cuivis
1058 2784 1076 2821 a
1102 2761 1173 2826 Deo

126 2868 237 2934 indita
255 2872 437 2948 παρασκευὴ
455 2867 585 2932 dicitnr
606 2869 737 2934 Anton.
756 2870 825 2943 Vl,
847 2874 910 2954 523
932 2872 1018 2953 vn,
1036 2874 1082 2941 55
1099 2890 1165 2942 etc.

96 3017 99 3021 ·
128 2981 171 3046 ln
191 2978 282 3045 libro
304 2961 518 3071 Sapientiae.
535 2980 595 3070 qui
620 2980 762 3046 multum
785 2983 993 3050 Graecorum
1012 2987 1169 3075 philoso-

127 3095 277 3182 phorum
297 3093 423 3184 placita
444 3091 553 3184 sapit,
577 3098 823 3185 κατασκευάζειν
842 3097 963 3166 eodem
979 3124 1082 3168 sensu
1104 3126 1169 3170 oc-

127 3212 263 3291 currit,
287 3210 359 3293 lx,
383 3231 415 3276 2.

171 3324 226 3392 Ad
249 3346 295 3390 vs.
322 3347 342 3409 7
366 3340 401 3389 et
426 3348 507 3415 sqq.
564 3324 621 3390 Ab
654 3322 720 3390 hoc
753 3348 851 3392 versu
877 3352 985 3420 usque
1014 3331 1057 3396 ed
1085 3356 1169 3400 ver-

126 3463 201 3504 sum
231 3437 452 3504 undecimum
485 3437 605 3526 capitis
634 3442 748 3530 quarti
774 3458 892 3506 auctor
923 3442 1068 3511 lectores
1099 3460 1183 3517 ex··

123 3551 243 3643 emplis
266 3568 300 3617 et
330 3553 431 3617 dictis
455 3554 499 3621 V.
527 3555 570 3619 Τ.
596 3551 753 3645 pluribus
772 3571 906 3635 monet,
928 3582 972 3623 ne
994 3551 1169 3627 felicitatis

122 3685 280 3733 aeternae
302 3668 469 3751 jacturam
492 3663 644 3750 faciant,
666 3667 821 3735 nominat
838 3692 912 3738 eam
931 3675 1075 3762 repetita
1092 3677 1168 3745 vics

159 4001 231 4071 (αι)
257 3999 298 4054 Its
325 4001 394 4055 enim
415 4001 479 4058 hsce
501 4003 580 4060 teris
606 4004 728 4077 explicari
756 4022 871 4080 possunt.
914 4009 969 4073 cn.
996 4025 1118 4072 annotm
1136 4014 1171 4073 st

126 4087 192 4142 hunc
210 4089 294 4144 locum
312 4090 441 4162 incapite
459 4091 560 4152 ultimo.
