2604 4740
517 376 812 472 ·(154)

241 563 317 642 lam
338 557 367 635 si
388 584 553 659 ponamus
571 565 608 631 iu
628 566 701 662 ipsa
721 567 798 634 aula
812 560 983 652 Caesaris9
1007 585 1109 662 quatu
1135 564 1238 657 toties

198 690 302 765 officii
326 693 424 750 causa
447 679 542 746 adire
562 677 692 754 solebat
714 682 864 763 Seneca,
895 684 1036 753 Paulum
1056 710 1151 759 suam
1170 694 1236 761 (li.v

197 806 284 873 aisse
306 818 455 872 causam,
481 793 637 880 judicum
657 809 692 859 et
711 794 904 881 auditorum
928 799 1056 867 animos
1077 802 1235 876 admira.

197 920 291 986 tione
310 913 360 988 sui
377 908 586 999 implevisse,
610 908 713 973 immo
730 910 912 975 nonnullos
930 917 962 980 ἐν
980 917 1061 1004 οἰκίᾳ
1079 918 1236 985 Caesaris

196 1049 386 1122 propensos
400 1023 443 1091 ad
457 1020 619 1109 evangelii
635 1021 827 1091 doctrinam
842 1024 1056 1097 reddidisses
1079 1053 1148 1099 non
1172 1032 1238 1099 mi·

136 1215 137 1218 ,
196 1169 274 1214 rum
299 1139 497 1221 ridebitur,
533 1135 628 1227 quod
655 1137 785 1205 Seneca
812 1135 914 1227 hujus
942 1140 1007 1209 ‘viri
1035 1140 1180 1211 videndi
1201 1156 1239 1215 et

197 1252 426 1343 cognoscendi
454 1251 600 1345 cupidus
623 1265 700 1317 eum
725 1249 867 1328 adierit,
891 1268 926 1319 et
957 1277 1035 1322 cum
1057 1279 1097 1321 eo
1121 1257 1235 1325 collo·-¹

196 1393 327 1464 quens,
348 1385 383 1434 et
397 1366 524 1453 ingenii
539 1364 751 1434 alacritatem
769 1366 941 1459 animique
962 1367 1146 1441 candorem
1164 1373 1237 1439 ad-

195 1486 346 1567 mirans,
370 1479 650 1548 consuetudinem
666 1478 838 1568 quandam
854 1500 932 1546 cum
949 1504 990 1548 eo
1003 1487 1238 1573 contraxerit,

193 1599 396 1695 praesertim
408 1611 521 1677 ratus,
536 1593 750 1662 occasionem
765 1590 937 1679 religionis
951 1582 1132 1683 iudaicae,
1147 1600 1240 1669 mul.

195 1731 269 1779 tum
288 1708 495 1777 celebritatis
518 1707 611 1772 inter
631 1707 758 1777 Romae
778 1706 906 1774 incolas
929 1726 1071 1796 nactae,
1093 1735 1237 1784 accurs·

198 1829 262 1894 tius
279 1851 343 1916 per
363 1825 540 1890 doctorem
559 1823 577 1887 J
581 1820 739 1887 udaicum
762 1846 781 1886 a
801 1821 938 1888 ludaeis
960 1841 1155 1898 accusatum
1179 1852 1238 1899 eo·

194 1938 408 2028 gnosceudae
425 1957 642 2027 nequaqnam
658 1931 997 2025 praetermittendam
1015 1951 1097 2008 esse·

242 2058 284 2123 C.
315 2057 430 2143 Atque
454 2051 616 2143 profecto
639 2050 768 2137 religio
787 2050 946 2118 Iudaica
960 2055 1043 2142 jum
1061 2073 1242 2143 magnum

192 2174 336 2242 LRomoe
350 2167 593 2234 celebritatem
607 2178 685 2231 tum
702 2167 875 2251 temporie
888 2181 998 2233 nacto
1010 2182 1103 2237 erute
1131 2172 1242 2242 Multi

195 2281 342 2361 ludaei,
367 2281 561 2368 aPompejo
577 2278 702 2367 captivi
714 2279 853 2343 Romam
874 2278 1015 2346 deducti
1030 2298 1064 2348 et
1074 2282 1241 2356 libertate

194 2389 337 2477 donati,
355 2400 446 2464 vicos
470 2389 654 2469 nonnullos
672 2392 767 2456 urbis
781 2390 981 2460 incolebant
996 2411 1030 2460 et
1044 2399 1240 2479 secundum

195 2513 307 2599 legem
324 2512 512 2578 Mosa'icam
533 2507 675 2572 sabbata
699 2523 735 2572 et
762 2523 949 2572 conventus
969 2531 1081 2581 sacros
1098 2510 1138 2576 in
1157 2513 1240 2604 plu.

195 2630 294 2700 ribus
314 2623 488 2716 synagogis
509 2636 545 2687 et
564 2619 761 2709 proseuchis
785 2619 1018 2689 celebrabant.

199 2796 204 2805 ,
238 2739 342 2809 ΜιιΙῑί
360 2739 456 2806 urbis
469 2735 600 2805 incolae
618 2733 809 2826 multaeque
824 2734 970 2802 feminae
981 2772 991 2814 ς
1004 2735 1056 2804 vel
1068 2750 1235 2817 novarum

197 2879 315 2926 rerum
334 2852 472 2937 studio,
501 2852 555 2918 vel
584 2847 748 2943 cupidine
773 2847 966 2937 religionis,
1002 2875 1088 2942 quae
1115 2854 1235 2943 plures

197 2972 288 3039 Deos
301 2985 335 3036 et
347 2969 495 3035 Deorum
513 2964 695 3032 simulacra
711 2961 867 3047 tolleret,
890 2966 1145 3054 cognoscendae
1163 2969 1232 3038 flas

198 3103 359 3171 grantes,
380 3101 560 3174 synagogas
577 3078 785 3148 ludaeorum
810 3077 904 3145 festis
927 3079 1048 3150 diebus
1068 3082 1236 3173 frequen·

193 3199 326 3264 tabant.
1135 3180 1137 3185 ¹

243 3315 358 3402 Atque
378 3307 436 3379 hle
461 3331 529 3379 mos
550 3326 730 3400 synagogas
751 3298 958 3379 iudaeorum
984 3300 1234 3398 frequentandi

191 3436 335 3494 'tautum
355 3426 563 3503 invaluerat,
594 3438 632 3487 ut
658 3413 803 3501 Romani
823 3420 1060 3518 Romanaeque
1088 3421 1234 3513 sabbato

199 3562 340 3630 quoqne
363 3561 397 3603 se
426 3540 572 3614 invicem
601 3532 743 3615 uidendi
765 3551 799 3599 et
823 3533 992 3603 salutandi
1020 3534 1235 3601 occasionem

200 3653 284 3716 iude
311 3649 516 3738 arriperent.
573 3651 649 3715 Jam
679 3643 870 3714 Ovidius
893 3649 936 3714 de
957 3651 1054 3731 Arte
1085 3650 1237 3738 amandi

196 3762 259 3831 lib.
276 3765 313 3839 Ι,
336 3766 379 3849 76
405 3782 586 3852 synagogas
615 3759 821 3826 tudaeorum
847 3749 1018 3853 tamquam
1048 3769 1140 3839 locos
1163 3765 1235 3839 deq·

197 3878 339 3959 scribit,
368 3876 406 3940 in
432 3895 516 3963 quos
537 3874 680 3964 septimo
702 3895 838 3963 quoque
858 3873 914 3941 die
931 3877 1028 3944 multi
1049 3898 1084 3947 et
1107 3881 1238 3971 multqe

195 4004 393 4082 spectatum
411 3989 574 4072 veniant,
598 4001 797 4074 spectentur
810 4003 848 4050 ut
867 3987 933 4077 ipsi
954 4009 989 4075 at
1006 3995 1113 4084 ipsae,
1153 3993 1240 4084 ξμς.

177 4146 180 4151 -
204 4103 265 4171 det
284 4101 425 4175 lascivae
447 4101 641 4186 juventuti,
665 4115 705 4166 ut
726 4098 923 4190 frequentet
