2604 4740
516 379 701 470 (¹5⁵)

255 559 359 631 Culta
378 557 508 642 Iudaeo
529 563 672 655 septima
694 581 788 628 sacra
811 565 892 633 Deo.

84 699 123 752 et
142 681 302 753 vaisse

131 793 280 882 Quaque
302 788 357 856 die
379 785 526 854 redeunt
547 787 649 854 rebus
669 789 783 857 miuus
804 808 884 882 apta
904 786 1061 880 gerendis

176 901 278 971 Culta
298 899 486 968 Palaestino
509 900 657 993 septima.
671 900 755 970 festa
778 905 877 995 Syro·

85 1013 322 1087 iuvenalis
347 1014 471 1101 Satyr.
492 1013 562 1096 111,
584 1018 669 1104 2962

183 1124 186 1129 ’
254 1126 297 1194 Ιιι
320 1149 387 1215 qua
411 1139 445 1215 te
468 1147 597 1218 quaero
618 1129 838 1220 proseucha?

89 1248 221 1314 Omnes
245 1239 319 1324 ¹sere
349 1240 534 1329 scriptores
555 1237 701 1313 Romani
720 1241 816 1308 istim
839 1241 955 1312 aetatis
980 1246 1001 1312 J
1005 1244 1128 1317 udaeos

91 1379 280 1446 corumque
306 1355 433 1422 Romae
458 1350 691 1442 frequentiam
728 1353 884 1445 ritusque
923 1360 1051 1446 patrios
1088 1359 1128 1426 in

88 1466 289 1560 proseuchis
307 1465 453 1554 septimo
473 1490 610 1557 quoque
628 1463 685 1531 die
709 1465 751 1531 ab
771 1468 811 1532 iis
831 1466 998 1536 celebrari
1014 1471 1129 1540 solitos

90 1595 373 1650 commemorant:
388 1594 424 1646 et
440 1602 647 1669 quamquam
664 1601 782 1647 eorum
793 1580 991 1668 religionem
1000 1606 1130 1675 super-

88 1693 264 1779 stitionem
285 1692 471 1760 barbaram
492 1692 559 1781 (3)
581 1709 723 1774 vocant,
750 1694 975 1785 pervicaciam
1001 1723 1129 1792 super·

88 1807 236 1891 stitionis
255 1806 295 1872 iis
319 1807 500 1886 tribuunt,
521 1826 773 1892 nonnunquam
791 1804 892 1874 etiam
906 1807 1058 1881 dicteriis
1071 1837 1130 1883 ρος

87 1937 263 2008 carpunt3
287 1922 335 1985 ita
351 1936 464 1984 tamen
482 1913 682 2000 religionem
704 1937 825 1981 eorum
843 1916 1067 2009 describunt,
1089 1942 1131 1995 ut

86 2033 217 2102 Seneca
236 2034 309 2115 ejus
329 2031 517 2099 accuratius
543 2024 796 2113 cognoscendae
823 2031 1037 2100 occasionem
1061 2035 1129 2104 sibi

86 2145 343 2238 suppeditatam
360 2142 525 2210 lubenter
541 2141 693 2226 arripere
710 2154 835 2224 posset.

132 2260 335 2325 Lucanus
354 2229 525 2323 Phoraal.
538 2255 664 2343 11,593
684 2251 752 2319 hoc
765 2250 810 2317 de
823 2253 843 2318 J
846 2252 1029 2324 udaeorum
1039 2257 1130 2353 reli·

84 2368 189 2460 gione
210 2368 366 2457 judicata

452 2525 551 2545 ...-
572 2482 696 2548 Dedita
717 2477 820 2544 sacris

360 2580 492 2675 Incerti
511 2595 532 2659 J
535 2589 639 2662 udaesi
661 2595 736 2664 Dei.

96 2774 286 2794 β-

127 2883 181 2956 (5)
199 2882 324 2936 Cicero
337 2898 391 2951 pro
405 2880 629 2949 Fioeeocap.b8;
647 2877 911 2943 Quinctiliaous
928 2879 1029 2932 Iustis.
1046 2885 1128 2942 Oroi.

86 2965 153 3041 1113
171 2969 315 3025 Tacitus
331 2969 409 3024 Hist.
428 2967 473 3030 ll,
491 2968 519 3024 4.
561 2965 696 3020 Interdum
715 2967 794 3019 etiam
815 2967 929 3020 ludaeos
949 2978 981 3020 ut
1005 2968 1130 3026 ridiculos

85 3071 206 3129 carpunt.
240 3059 331 3112 liora
340 3058 410 3112 tius
426 3053 510 3108 minus
519 3052 671 3106 verisimilia
682 3051 781 3106 Judaeo
791 3055 917 3125 Apellae,
939 3066 968 3108 ut
981 3072 1058 3126 supra
1074 3077 1129 3112 mo·

86 3149 153 3202 dum
166 3145 268 3201 credulo
278 3187 285 3215 ,
294 3143 419 3199 credenda
427 3138 567 3210 relinquit,
586 3145 677 3208 Satyr.
686 3137 739 3206 1‚5
754 3139 857 3209 iufine3
873 3141 1008 3197 Persius
1027 3163 1131 3200 arecu-

87 3237 130 3290 ita
145 3234 251 3287 sabbata
268 3233 418 3302 pallentes”
439 3229 525 3297 ridet,
545 3231 640 3297 Satyr.
652 3229 685 3290 5,
697 3227 756 3286 bnt
773 3228 790 3280 J
797 3229 1130 3286 uvenalisclemeutiaar

86 3322 177 3394 porcis
189 3320 316 3375 indultam
331 3331 418 3389 satyra
428 3317 530 3386 dignam
546 3315 694 3384 existimat,
712 3316 950 3388 Satyr.lllll,98;
968 3330 995 3372 et
1005 3320 1071 3389 quod
1082 3336 1129 3390 pro

87 3409 208 3463 mercede
218 3409 304 3473 lutura
315 3404 493 3478 praedicerent
507 3402 539 3456 ad
549 3401 706 3456 consulentis
715 3417 819 3466 toturn,
836 3407 933 3474 Satyr.
944 3403 998 3473 VI,
1015 3408 1066 3460 543
1074 3424 1131 3477 sqq.

86 3496 302 3551 Plutarchus
318 3498 351 3549 de
371 3494 575 3564 Superstitione
596 3491 629 3544 iis
640 3489 747 3560 objicit,
765 3491 833 3562 quod
847 3489 954 3545 sabbato
967 3490 1127 3560 desidentes,

87 3582 185 3644 otiosi,
195 3579 311 3635 hostibus
325 3578 624 3647 scalasadmoveutibus,
642 3579 824 3648 superstitione
835 3589 966 3649 tamquam
977 3584 1028 3633 reti
1037 3585 1107 3653 capti
1118 3627 1128 3655 ,

90 3687 120 3724 sc
130 3669 313 3729 contimerint.
330 3668 459 3727 Martia
469 3666 512 3720 lia
522 3666 618 3734 passim
636 3667 663 3730 'ro
679 3666 907 3737 epigrammatibus
920 3665 1032 3720 Judaeos
1048 3668 1133 3724 dieu.

86 3757 141 3811 riis
156 3756 264 3810 infestat
279 3769 334 3810 turn
354 3756 387 3808 ob
401 3753 534 3821 religionis
554 3753 649 3823 placita
669 3758 816 3825 quaedam,
839 3768 894 3810 tum
910 3753 977 3821 quod
998 3756 1133 3814 vilissimis

91 3844 268 3897 mercimoniis
285 3863 311 3899 se
329 3843 490 3909 tolerabant,
512 3840 619 3910 ideoque
639 3862 680 3896 eos
702 3863 759 3897 cum
781 3838 943 3897 institoribus
967 3828 1058 3896 mercis
1076 3845 1133 3899 sul..

91 3931 218 4001 phuratae
235 3917 372 4000 conjungit.
407 3930 570 4000 Quamquam
592 3945 652 3982 vero
674 3931 811 4000 scriptores
828 3927 916 3983 Latini
933 3927 1046 3985 Judaeos
1067 3950 1132 4000 gers.

90 4028 144 4071 tem
162 4019 282 4090 foedam,
300 4029 405 4080 tetram,
425 4015 554 4070 sordidam
572 4015 726 4084 nominant,
742 4028 829 4069 tameo
852 4016 889 4072 ita
913 4034 1002 4072 eorum
1023 4033 1131 4076 senten*

91 4105 142 4159 tias
158 4105 190 4159 de
208 4104 264 4160 Deo
279 4105 446 4176 describunt,
462 4117 492 4158 ut
508 4102 583 4159 laude
600 4103 672 4173 digni
690 4106 834 4162 rideantur·
