2604 4740
601 405 767 502 (ὴ)

167 612 289 678 corpus
313 587 488 675 fatigatum
515 587 719 671 reclinavit,
745 586 877 657 vulneri
908 588 1078 658 incumbit
1103 608 1137 658 et
1161 593 1207 662 in*

165 718 368 795 perpetuam
395 699 539 787 vigiliam
559 724 721 789 suspensa
743 716 824 765 sunt
855 700 1016 773 lumina?
1061 705 1204 794 Quanto

161 813 240 910 plus
270 815 457 895 tormenti,
491 829 584 879 tanto
616 813 691 904 plus
722 817 786 881 erit
815 817 952 900 gloriae.
996 817 1056 884 Vis
1090 819 1213 900 scire,

162 952 267 1016 quam
294 950 363 992 non
389 927 559 1012 poeniteat
580 928 644 991 hoc
667 931 779 1012 pretio
798 929 986 994 aestimasse
1010 929 1200 1000 virtutem?

126 1069 130 1076 ·
158 1040 280 1109 Refice
307 1055 343 1104 tu
369 1037 469 1102 illum
498 1054 532 1105 et
564 1039 659 1103 mitte
683 1044 720 1105 in
743 1057 899 1108 senatum
909 1068 922 1126 3
942 1040 1092 1122 *eandem
1113 1067 1199 1109 sen-

159 1152 304 1219 tentiam
332 1130 443 1222 dicetf
462 1185 499 1200 -
523 1151 700 1218 Maecenas
733 1148 813 1219 licet
843 1152 936 1219 mille
964 1156 1197 1244 voluptatibus

155 1278 307 1329 mentem
330 1263 463 1332 anxiam
480 1262 593 1330 fallat:
621 1283 686 1329 tam
706 1263 856 1348 vigilabit
875 1266 912 1327 in
931 1263 1067 1355 pluma,
1092 1283 1196 1355 quam
1267 1306 1272 1316 =

121 1402 123 1406 “
153 1375 215 1445 ille
238 1377 274 1440 in
303 1358 482 1442 cruces·
505 1376 595 1443 Male
625 1395 805 1444 tractatum
835 1377 1011 1443 Socratem
1037 1377 1194 1462 judicas,

156 1487 252 1579 quod
269 1484 362 1552 illam
380 1489 553 1579 potionem
567 1490 706 1582 publice
728 1494 866 1555 mixtam
887 1511 956 1555 non
973 1490 1070 1557 aliter
1088 1515 1192 1578 quam

153 1600 442 1668 medicamentum
472 1600 731 1670 immortalitatis
752 1602 917 1683 obduxit,
945 1618 980 1668 et
1006 1603 1050 1673 de
1078 1626 1191 1692 morte,

153 1714 345 1806 disputavit
363 1730 471 1804 usqne
491 1711 532 1779 ad
550 1715 686 1803 ipsam?
731 1714 835 1807 Quod
856 1715 900 1786 ud
913 1716 1186 1815 Catonemxpevr.

128 1808 262 1910 uiuet,
284 1851 447 1892 summam
474 1825 525 1891 illi
553 1814 749 1893 felicitatem
778 1829 977 1912 contigisse,
1002 1855 1187 1901 consensus

147 1941 328 2011 hominum
343 1938 527 2021 fatebitur,
551 1962 653 2028 quem
672 1939 737 2019 sibi
755 1963 871 2007 rerum
891 1955 1011 2006 natura
1036 1941 1184 2032 delegit,

147 2082 229 2128 cum
254 2077 323 2146 qno
346 2053 530 2118 metuenda
560 2050 777 2120 collitleret.’'

192 2171 406 2252 Discrimen,
432 2164 524 2258 quod
552 2167 644 2230 inter
669 2166 760 2231 hanc
784 2165 1022 2232 tractationem
1047 2170 1181 2237 utrius.

148 2305 222 2374 que
247 2279 354 2346 libelli
383 2295 496 2361 extat,
522 2280 559 2342 in
582 2302 623 2342 eo
646 2295 715 2358 est,
750 2275 843 2369 qnod
872 2294 991 2344 auctor
1020 2281 1181 2374 epistolae

145 2394 192 2464 ad
223 2395 414 2474 Hebraeos,
438 2392 567 2482 quippe
590 2391 802 2456 Christianus
821 2413 862 2454 ex
880 2391 1018 2469 ludaeis
1033 2393 1179 2484 loquens

143 2509 191 2579 ad
212 2507 423 2576 Christianos
441 2527 482 2570 ex
500 2503 656 2584 ludaeis,
674 2503 715 2569 ad
735 2504 890 2591 exempla
900 2529 943 2569 ex
960 2506 1099 2574 historia
1110 2510 1130 2574 J
1134 2535 1186 2578 ua

142 2621 243 2688 (laica
263 2635 297 2686 et
322 2617 481 2706 inprimis
509 2617 552 2683 ad
577 2618 771 2706 exemplum
793 2619 924 2685 Christi
943 2620 1089 2684 aucturis
1113 2645 1177 2689 re·
1268 2704 1272 2712 υ

138 2732 278 2819 ligionis
300 2730 512 2795 Christianae
532 2748 715 2820 provocat,
741 2731 867 2798 Seneca
886 2756 967 2800 vero
991 2733 1033 2799 ad
1052 2757 1175 2800 erem·

138 2844 203 2937 pla
222 2869 263 2912 ex
282 2843 425 2911 historia
448 2844 618 2917 Romana,
650 2848 792 2910 maxime
815 2845 859 2911 ad
880 2847 1075 2933 exemplum
1100 2848 1175 2916 Ca·

137 2961 257 3036 tonis,
281 2978 382 3048 quem
397 2970 570 3042 tamquam
589 2957 872 3025 absolutissimum
886 2960 1078 3049 exemplum
1097 2966 1173 3031 vir·
1200 2984 1202 2988 ’

136 3074 221 3140 tutis
242 3089 278 3138 et
301 3069 509 3138 constantiae
534 3069 699 3158 proponit
717 3071 753 3135 in
777 3069 842 3136 hoc
863 3064 1000 3157 libello,
1031 3094 1065 3143 et
1086 3103 1171 3168 pas.

133 3185 254 3254 simin
276 3183 368 3264 aliis,
387 3182 487 3247 sicuti
508 3181 678 3271 apostolus
704 3182 892 3252 christum.
939 3190 1023 3256 Cato
1038 3207 1109 3275 est,
1132 3209 1172 3261 nt

131 3302 181 3367 itu
206 3296 338 3378 dicam,
362 3298 511 3363 Senecae
528 3298 684 3364 Christus
706 3299 801 3384 (2).·

179 3411 212 3478 b.
243 3410 351 3474 Porro
373 3425 489 3474 auctor
508 3409 668 3496 epistolae
686 3431 759 3505 rem
776 3433 870 3478 suam
885 3431 1033 3483 tractans
1052 3419 1170 3487 multa

132 3527 247 3610 ζοοαε
266 3521 368 3595 libris
383 3523 500 3587 sacris
522 3520 558 3590 V
559 3565 569 3587 ·
590 3521 633 3587 T.
649 3525 765 3610 citat,
782 3523 911 3618 iisque,
934 3554 1021 3620 quae
1042 3530 1167 3617 docet,

124 3729 322 3750 m

118 3899 122 3905 .
163 3855 208 3928 (a)
225 3855 266 3911 De
281 3856 385 3912 Provid·
402 3876 462 3916 ur.
480 3861 517 3916 ita
532 3861 563 3917 de
580 3862 676 3919 Catone
693 3865 809 3937 loquitur
824 3866 934 3923 Sancte:
970 3867 1054 3925 attan
1071 3822 1163 3945 sideni

119 3946 219 4018 ,qnid
237 3945 332 4002 habeat
353 3948 380 4000 ia
397 3949 475 4002 terris
490 3949 594 4021 Jupiter
613 3951 760 4023 pulchrius,
777 3957 801 4009 si
823 3947 972 4021 eonrcrttre
989 3957 1104 4015 tainum
1119 3979 1165 4016 re-

121 4033 206 4114 fflit,
225 4054 302 4107 quam
321 4048 351 4092 nt
366 4047 466 4110 spectet
484 4037 637 4100 monens·
