2604 4740
550 355 739 444 (254)

122 554 241 606 assetur
264 550 378 606 noster
398 537 486 606 sicut
505 537 636 607 Seneca
651 536 758 610 libros
778 539 991 627 Stoicorum,
1016 561 1166 632 quorum

123 669 198 720 tum
216 656 378 745 temporis
396 679 517 740 magna
541 654 638 746 eopia
656 655 790 741 extitit,
816 653 947 743 legere,¹
962 651 1017 735 rel
1039 653 1167 739 scholis

125 766 322 836 Stoicorum
338 784 373 834 et
391 767 687 836 dissertationibus
707 788 742 835 et
763 769 1053 860 praelectionibus
1074 770 1171 852 iniis

28 946 32 969 ,
129 879 209 949 fieri
231 879 338 948 solitis
366 882 554 966 interesse,
579 901 615 952 et
634 883 682 951 itu
699 884 965 980 familiaritatem
995 884 1171 976 quandem

126 1018 207 1061 cum
236 995 428 1062 Stoicorum
455 996 548 1064 scitis
570 1016 606 1066 et
627 998 776 1067 decretis
799 1025 865 1067 nec
888 1023 960 1077 nou
985 1023 1066 1081 cum
1093 1022 1169 1079 ver·

123 1107 178 1174 bis
199 1108 306 1176 Stoici
322 1108 392 1176 albi
415 1109 565 1199 (Seneca
589 1113 701 1203 Epist.
721 1115 787 1206 59)
810 1112 877 1180 sibi
896 1112 1118 1201 contrahere.

166 1225 245 1291 Jarn
271 1227 299 1291 si
322 1226 389 1292 hoe
407 1248 593 1308 sumamus,
621 1227 754 1321 aliquid
776 1252 843 1320 pro
864 1227 1008 1297 Paulina
1025 1244 1170 1321 *nostru

123 1338 288 1432 epistolae
309 1340 440 1428 origine
463 1342 552 1408 effici
574 1343 785 1411 contendere
806 1365 998 1436 possumus.

169 1455 280 1522 Nemo
303 1455 398 1521 enim
422 1456 515 1521 inter
535 1477 652 1524 omnes
674 1458 868 1547 primitivae
891 1456 1169 1528 Christianorum

127 1567 288 1638 ecclesiae
303 1567 460 1637 doctores
472 1619 482 1646 ,
495 1569 562 1636 nisi
581 1571 725 1650 Paulus,
743 1572 900 1640 notitiam
915 1568 1065 1663 aliquem
1082 1571 1170 1640 Stoi·

121 1709 186 1783 'cae
208 1683 446 1780 philosophiae
473 1688 540 1755 sibi
562 1685 788 1775 comparandi
806 1686 1019 1753 occasionem
1035 1685 1167 1754 habuit.

175 1801 265 1868 Nem
296 1801 396 1868 Tarsi
428 1817 528 1869 natus
555 1819 590 1869 et
619 1824 726 1893 usque
759 1799 802 1868 ad
825 1798 1039 1882 :adultior-em
1072 1817 1167 1868 aeta·

128 1928 199 1981 tem
226 1914 391 1983 educatus
411 1930 486 1999 est,
514 1896 555 1983 ‘et
578 1916 626 1983 its
656 1913 818 2005 quidem,
854 1932 892 1982 ut
918 1915 1028 1982 literis
1060 1913 1166 1995 addi·

126 2027 264 2097 seeudis
290 2054 430 2126 operam
451 2036 590 2100 navaret
610 2048 645 2100 et
668 2029 856 2123 aliquando
880 2029 1002 2098 doctor
1028 2029 1169 2118 religio·

126 2144 182 2211 nis
212 2145 374 2214 Judaicae
403 2145 578 2214 evaderet.
633 2147 760 2211 Tarsus
790 2166 870 2212 vero
902 2160 975 2211 tum
1006 2144 1169 2239 temporit

128 2260 214 2326 urbs
241 2259 307 2326 suit
329 2260 506 2328 literarum
534 2276 569 2326 et
589 2257 826 2349 philosophiae
852 2256 978 2325 cultrix
1010 2258 1171 2327 celeber·

128 2375 228 2445 rima.
262 2375 389 2443 Strabo
405 2375 510 2444 Paulo
530 2373 601 2442 sere
624 2395 764 2439 coaevus
785 2375 823 2440 in
848 2373 973 2462 Geogr.
993 2373 1075 2441 Lib.
1088 2392 1170 2441 xlv.

127 2515 206 2581 pag·
234 2488 540 2582 640.Basil.1549
576 2486 661 2555 edit.
697 2488 864 2578 [p.'991,
886 2488 930 2556 A.
965 2489 1022 2558 ed.
1060 2491 1169 2557 Amet·

134 2605 246 2693 1707]
282 2604 367 2669 haec
404 2602 529 2672 habete
572 2607 721 2684 Τοσαύτη
759 2615 823 2681 τοῖς
860 2606 964 2675 ἐνθάδε
1006 2608 1169 2701 estserae

129 2718 415 2806 (Tarsensihus)
445 2723 559 2799 recolis
597 2722 672 2808 πρὸς
710 2721 922 2808 φιλοσοφίαν,
963 2719 1036 2792 eet'
1071 2724 1169 2810 ὑπερ·

129 2813 309 2929 βέβληνται
338 2835 390 2902 uel
418 2836 550 2914 ’nosses
581 2834 633 2902 sat
663 2831 897 2918 Ἀλεξάνδρειαν
929 2869 994 2900 -ι
1038 2838 1169 2926 Asadi·

128 2978 174 3038 pst
201 2956 233 3020 δὲ
258 2957 419 3028 τοσοῦτον,
451 2946 498 3018 ὅτι
518 2950 653 3016 ἐνταῦθα
672 2950 731 3030 μὲν
766 2951 792 3017 ol
820 2952 1065 3034 Φιλομαθοῦντες
1095 2957 1170 3023 ἔτι·

131 3070 234 3155 ydros
256 3067 373 3140 πάντες
400 3064 479 3130 εἰσί·
501 3063 577 3144 ξένοι
593 3062 617 3132 δ’
638 3065 692 3131 οὐκ
715 3064 895 3145 ἐπιδημοῦσι
921 3069 1042 3154 ῥᾳδίως.
1095 3067 1170 3143 No·

131 3183 242 3251 minat
278 3173 406 3244 deinde
441 3175 559 3265 plures
591 3172 741 3240 illustret
768 3175 901 3244 Stoicae
932 3175 1171 3266 philosophice

129 3274 316 3375 doctores,
338 3291 429 3357 inter
452 3313 508 3356 eos
535 3288 606 3355 duo
630 3287 893 3374 Athenodorus,
918 3315 1065 3385 quorum
1086 3291 1173 3360 alter

131 3412 169 3478 in
198 3431 320 3494 magna
348 3405 548 3471 auctoritate
578 3402 672 3495 apud
704 3403 944 3495 imperatorem
978 3406 1171 3492 Augustum

131 3527 222 3604 fuit,
252 3524 302 3590 ita
324 3535 362 3585 ut
382 3519 427 3586 ob
449 3519 522 3605 ejus
544 3519 827 3586 intercessionem
846 3520 992 3584 Tarsum
1019 3521 1175 3607 vectiga-

132 3641 222 3708 libus
242 3637 370 3707 levaret
393 3649 429 3701 et
456 3631 640 3701 Claudium
657 3632 695 3698 in
718 3634 792 3718 ejus
815 3632 1081 3703 contubernium
1099 3608 1176 3704 tre·

133 3755 244 3824 deret.
278 3751 355 3820 Cir.
378 3747 598 3817 Bruclrcri
620 3748 748 3814 Iussit.
764 3745 911 3814 Hister.
924 3749 1063 3815 Philos.
1080 3749 1176 3819 Sect·

132 3871 220 3946 vlt,
246 3870 280 3956 ς.
302 3888 332 3935 2.
378 3865 466 3932 Cum
483 3866 586 3950 igitur
607 3860 729 3929 Paulus
751 3859 851 3926 Tarsi
868 3878 990 3944 natus,
1011 3879 1047 3929 et
1062 3885 1176 3956 usque

133 3984 177 4051 ad
195 3980 399 4049 adultiorem
419 3995 561 4045 aetatem
576 3978 614 4043 in
635 3978 747 4069 patria
766 3976 851 4042 urbe
868 3976 1177 4057 educatus‚literis

130 4096 351 4193 ‘addiscendis
374 4117 515 4184 operam
532 4108 705 4162 navasset:
729 4091 801 4159 sine
824 4090 931 4157 dubio
952 4093 1055 4161 etiam
1074 4094 1174 4162 noti·
