2604 4740
553 392 742 476 (205)

127 581 183 653 'est
213 566 302 639 liber
334 570 380 638 de
413 571 632 641 Providentia
661 576 770 658 major
799 572 1014 664 deperditus.
1059 574 1170 651 ‘Hane

131 689 224 754 e'nim
239 687 367 756 librum
385 690 453 770 jum
471 691 640 778 scriptum
658 711 748 770 esse,
764 687 879 753 innuit
897 691 1031 759 verbis:
1056 724 1074 768 a
1095 699 1170 764 Hoc

128 799 340 867 commodius
357 803 394 867 in
412 818 573 870 contextu
595 802 706 890 operis
727 799 953 879 redderetur.
974 828 1054 874 cum
1070 834 1170 896 prae.

127 937 200 980 esse
236 915 401 982 universis
436 913 690 1006 providentiam
728 917 994 1006 probaremus.”
1052 922 1167 992 Verba

128 1029 323 1100 Senecae:v
347 1061 364 1101 «
382 1051 443 1096 suo
466 1028 531 1094 ista
559 1031 706 1117 tempori
726 1026 971 1097 reserventur'’
1001 1034 1169 1106 adolium

127 1129 258 1210 librum
284 1143 593 1219 referendarum,
620 1167 721 1232 quem
750 1143 802 1209 vel
833 1159 904 1210 tum
927 1149 1094 1217 scriberet
1116 1146 1173 1220 sal

129 1279 210 1327 mox
228 1257 419 1347 scripturus
438 1275 533 1325 esset.
548 1292 552 1299 ·
568 1256 634 1322 Hic
650 1253 739 1321 liber
759 1256 872 1323 nullus
892 1258 975 1326 alius
992 1281 1044 1330 est
1064 1288 1169 1354 quam
1195 1296 1198 1301 ·

131 1371 356 1461 Quaestioues
377 1369 576 1453 Naturales,
599 1369 740 1438 biennio
754 1386 833 1440 ante
855 1390 1000 1443 mortem
1018 1379 1170 1450 Senecae

127 1487 290 1575 scriptae.
334 1483 440 1553 Liber
467 1484 510 1552 de
530 1482 748 1554 Providentia
770 1507 850 1572 ergo
870 1487 922 1554 vel
944 1490 1060 1578 paullo
1087 1513 1167 1562 ante

126 1598 352 1687 Quaestiones
379 1595 432 1666 vel
458 1622 498 1666 eo
525 1598 600 1685 ipso
627 1615 802 1690 tempore,
825 1611 898 1689 quo
924 1608 1072 1675 exaravit
1096 1609 1166 1679 Se-

127 1733 215 1780 nocu
235 1713 459 1800 Quaestioues
477 1711 672 1788 Naturales,
697 1713 848 1801 scriptus
867 1733 940 1801 est,
961 1720 1081 1789 eodem
1096 1724 1169 1792 sero

127 1843 302 1917 tempore,
326 1851 396 1918 quo
418 1826 541 1897 Paulus
553 1826 683 1925 *Romae
709 1825 862 1916 captivus
885 1827 1116 1904 detinebatur.

172 1939 321 2011 Videtur
352 1941 453 2006 etiam
475 1940 587 2030 potius
610 1937 754 2026 epistola
775 1963 876 2031 qnam
901 1946 1060 2015 tractatio
1084 1973 1168 2023 esse.

126 2057 215 2124 Nem
231 2054 369 2120 initium
388 2070 458 2121 esta
491 2081 510 2123 u
528 2047 700 2142 Quaesisti
717 2076 826 2137 ame,
849 2055 1080 2150 Lucili,quid
1097 2065 1166 2144 ita,

126 2174 156 2244 si
182 2168 399 2263 providentia
429 2165 582 2234 muudus‘
607 2150 788 2254 ageretur,
816 2169 925 2237 multa
955 2173 1069 2241 bonis¹
1086 2180 1169 2248 viris

125 2284 327 2353 acciderent
353 2276 503 2348 mula?'’
555 2281 612 2348 Sic
638 2280 764 2348 multae
792 2283 955 2372 epistolae
989 2288 1166 2378 Senecae,
1232 2350 1235 2361 .

125 2402 322 2489 incipiunt,
345 2420 376 2464 e.
398 2419 429 2482 g.
450 2418 512 2482 71,
534 2417 600 2482 72,
621 2396 663 2464 88
687 2412 721 2463 et
743 2395 839 2464 aliae.
883 2400 990 2468 Liber
1010 2403 1053 2472 de
1072 2406 1164 2474 Pro·

124 2514 281 2585 ridentia
303 2528 354 2580 est
379 2506 525 2599 epistola
547 2511 789 2598 responsoria.
812 2529 847 2581 et
868 2513 949 2582 i'deo
977 2543 997 2583 a
1024 2524 1165 2590 caeteris

123 2629 277 2726 epistolis
305 2652 323 2693 a
349 2626 472 2691 scribis
503 2639 677 2712 separata,
704 2624 797 2713 quod
824 2630 1060 2714 argumentum
1090 2633 1163 2722 ejus

122 2770 209 2842 prae
234 2740 375 2812 caeteris
400 2737 546 2829 placuit,
571 2753 605 2802 et
628 2737 702 2802 sine
721 2736 829 2806 dnbio
850 2740 894 2808 ad
920 2741 1053 2811 ultimas
1076 2752 1158 2837 epi·

121 2862 225 2934 stolas
247 2855 455 2932 referende,
477 2872 558 2938 ergo
579 2875 650 2919 uon
673 2850 817 2921 multum
835 2855 927 2922 ultra
943 2881 1071 2926 aunum
1092 2886 1162 2928 an·
1215 2872 1220 2882 “

121 2996 156 3046 te
186 2990 332 3042 mortem
360 2969 510 3038 Senecae
535 2964 678 3054 scripte.
722 2966 811 3033 Mihi
833 2968 971 3037 videtur
998 2975 1163 3062 ponenda

120 3115 194 3167 esre
218 3104 296 3179 post
321 3084 471 3152 velante
493 3077 677 3175 Epistulam
694 3079 736 3170 98
758 3082 871 3169 (ιι),
893 3086 937 3151 ob
956 3081 1159 3161 similitudi·

124 3259 337 3287 nan-⁶¹⁸¹·

153 3369 228 3446 (αι)
250 3369 346 3424 Notatu
362 3369 465 3434 dignum
480 3381 538 3440 est,
553 3364 580 3423 in
597 3359 645 3422 bac
661 3356 832 3438 Epistolaob.
856 3377 914 3438 post
934 3361 1098 3424 manifestem
1113 3371 1160 3426 le*

118 3477 229 3528 eonem,
246 3455 290 3510 ubi
306 3458 378 3528 plura
396 3447 590 3524 desiderentur,
599 3473 643 3526 per
657 3452 752 3506 saltum
766 3453 887 3508 Senecam
901 3453 974 3523 loqui
987 3456 1019 3508 de
1032 3476 1096 3517 sene
1108 3477 1158 3512 ve-

116 3547 257 3607 nerabili,
274 3563 350 3615 quem
371 3563 421 3597 non
436 3545 570 3610 nominet,
587 3534 624 3597 ite
640 3551 670 3594 ut
683 3553 774 3612 putere
791 3541 889 3613 possis,
904 3542 937 3596 de
954 3541 1035 3596 Paulo
1053 3560 1158 3598 sermo-

117 3654 178 3691 nem
195 3651 264 3702 esee‚
278 3644 320 3698 et,
336 3650 400 3702 quae
415 3629 545 3701 apostolus
562 3622 593 3682 de
609 3641 747 3684 mortesna
762 3633 873 3685 sentiret
887 3641 915 3686 ct
925 3629 1087 3702 loqueretur,
1097 3649 1158 3701 m.
1178 3694 1182 3700 Ι

116 3715 253 3789 snitu,
270 3713 374 3775 referri.
408 3721 538 3788 Leguetnr
556 3712 593 3770 ibi
613 3718 691 3772 boec:
726 3718 861 3774 aseensus
875 3716 907 3770 de
924 3733 954 3770 eo
967 3733 1041 3787 eum
1059 3717 1093 3772 do
1106 3709 1157 3774 no-

114 3823 171 3866 stro
190 3807 284 3861 damno
300 3806 399 3874 agitur,
418 3804 511 3874 quibus
532 3822 608 3859 senex
632 3805 748 3875 egregius
763 3806 885 3879 eripitur.
918 3803 984 3859 Nem
1005 3807 1063 3880 ipe
1086 3805 1155 3863 sitae

113 3892 209 3972 plenus
231 3905 288 3963 est,
305 3890 346 3947 eui
366 3887 434 3945 nibil
456 3891 533 3958 adjici
545 3891 678 3948 desiderat
694 3911 740 3950 sus
756 3908 853 3962 toust,
869 3890 914 3949 sed
934 3909 1047 3963 eorum,
1061 3893 1156 3965 quibus

110 3985 192 4041 utilis
209 3994 257 4037 est·
292 3980 447 4034 Liberaliter
466 3979 544 4048 satit,
561 3980 629 4049 quod
644 3979 717 4039 vivit.
750 3981 824 4036 Alius
839 3982 893 4052 jum
909 3979 957 4035 bot
971 3980 1100 4036 cruciatus
1120 3983 1156 4037 fi-

111 4075 215 4146 diseet5
232 4069 274 4125 bie
290 4059 341 4125 tam
360 4081 433 4138 turpe
452 4076 524 4138 putat
541 4076 649 4122 nortem
674 4067 777 4141 fugere,
795 4086 871 4141 quan
891 4066 923 4124 ad
941 4076 1050 4125 marten
1064 4069 1157 4126 essin
