<?xml version="1.0" encoding="UTF-8"?>
<!DOCTYPE html PUBLIC "-//W3C//DTD XHTML 1.0 Transitional//EN"
    "http://www.w3.org/TR/xhtml1/DTD/xhtml1-transitional.dtd">
<html xmlns="http://www.w3.org/1999/xhtml" xml:lang="en" lang="en">
 <head>
  <title>
</title>
<meta http-equiv="Content-Type" content="text/html;charset=utf-8" />
  <meta name='ocr-system' content='tesseract 3.04.00' />
  <meta name='ocr-capabilities' content='ocr_page ocr_carea ocr_par ocr_line ocrx_word'/>
</head>
<body>
  <div class='ocr_page' id='page_1' title='image "./vindiciaeorigin00gelpgoog_0211.png"; bbox 0 0 2604 4740; ppageno 0'>
   <div class='ocr_carea' id='block_1_1' title="bbox 544 401 719 490">
    <p class='ocr_par' dir='ltr' id='par_1_1' title="bbox 544 401 719 490">
     <span class='ocr_line' id='line_1_1' title="bbox 544 401 719 490; baseline -0.006 0"><span class='ocrx_word' id='word_1_1' title='bbox 544 401 719 490; x_wconf 67' lang='lat'><strong>(204)</strong></span> 
     </span>
    </p>
   </div>
   <div class='ocr_carea' id='block_1_2' title="bbox 124 562 1163 1031">
    <p class='ocr_par' dir='ltr' id='par_1_2' title="bbox 124 562 1163 1031">
     <span class='ocr_line' id='line_1_2' title="bbox 125 562 1163 674; baseline 0.001 -20"><span class='ocrx_word' id='word_1_2' title='bbox 125 591 279 663; x_wconf 76' lang='lat' dir='ltr'><strong>constet,</strong></span> <span class='ocrx_word' id='word_1_3' title='bbox 309 584 374 649; x_wconf 78' lang='lat' dir='ltr'><strong>hoc</strong></span> <span class='ocrx_word' id='word_1_4' title='bbox 400 585 527 652; x_wconf 83' lang='lat' dir='ltr'><strong>iactum</strong></span> <span class='ocrx_word' id='word_1_5' title='bbox 558 609 630 652; x_wconf 85' lang='lat' dir='ltr'><strong>essa</strong></span> <span class='ocrx_word' id='word_1_6' title='bbox 651 611 682 653; x_wconf 87' lang='lat' dir='ltr'><strong>a.</strong></span> <span class='ocrx_word' id='word_1_7' title='bbox 706 610 739 651; x_wconf 87' lang='lat' dir='ltr'><strong>u.</strong></span> <span class='ocrx_word' id='word_1_8' title='bbox 765 609 794 650; x_wconf 79' lang='lat' dir='ltr'><strong>c.</strong></span> <span class='ocrx_word' id='word_1_9' title='bbox 816 608 900 673; x_wconf 78' lang='lat'><strong>7113</strong></span> <span class='ocrx_word' id='word_1_10' title='bbox 934 584 1115 674; x_wconf 87' lang='lat' dir='ltr'><strong>sequitur,</strong></span> <span class='ocrx_word' id='word_1_11' title='bbox 1137 562 1163 656; x_wconf 84' lang='lat' dir='ltr'><strong>ti</strong></span> 
     </span>
     <span class='ocr_line' id='line_1_3' title="bbox 125 690 1159 769; baseline 0.002 -2"><span class='ocrx_word' id='word_1_12' title='bbox 125 701 254 768; x_wconf 78' lang='lat' dir='ltr'><strong>Seneca</strong></span> <span class='ocrx_word' id='word_1_13' title='bbox 283 700 320 763; x_wconf 91' lang='lat' dir='ltr'><strong>in</strong></span> <span class='ocrx_word' id='word_1_14' title='bbox 351 698 421 762; x_wconf 89' lang='lat' dir='ltr'><strong>istis</strong></span> <span class='ocrx_word' id='word_1_15' title='bbox 456 698 570 764; x_wconf 84' lang='lat' dir='ltr'><strong>verbis</strong></span> <span class='ocrx_word' id='word_1_16' title='bbox 596 715 753 764; x_wconf 81' lang='lat' dir='ltr'><strong>accurate</strong></span> <span class='ocrx_word' id='word_1_17' title='bbox 777 697 911 765; x_wconf 89' lang='lat' dir='ltr'><strong>locutus</strong></span> <span class='ocrx_word' id='word_1_18' title='bbox 935 717 969 765; x_wconf 94' lang='lat' dir='ltr'><strong>et</strong></span> <span class='ocrx_word' id='word_1_19' title='bbox 994 702 1064 768; x_wconf 77' lang='lat' dir='ltr'><strong>non</strong></span> <span class='ocrx_word' id='word_1_20' title='bbox 1089 690 1159 769; x_wconf 44' lang='lat' dir='ltr'><strong>atsi</strong></span> 
     </span>
     <span class='ocr_line' id='line_1_4' title="bbox 124 811 1162 903; baseline 0.001 -23"><span class='ocrx_word' id='word_1_21' title='bbox 124 835 224 880; x_wconf 86' lang='lat' dir='ltr'><strong>mero</strong></span> <span class='ocrx_word' id='word_1_22' title='bbox 248 812 399 880; x_wconf 81' lang='lat' dir='ltr'><strong>rotundo</strong></span> <span class='ocrx_word' id='word_1_23' title='bbox 422 834 500 877; x_wconf 87' lang='lat' dir='ltr'><strong>usus</strong></span> <span class='ocrx_word' id='word_1_24' title='bbox 523 828 593 891; x_wconf 89' lang='lat' dir='ltr'><strong>est,</strong></span> <span class='ocrx_word' id='word_1_25' title='bbox 616 811 791 903; x_wconf 86' lang='lat' dir='ltr'><strong>epistolam</strong></span> <span class='ocrx_word' id='word_1_26' title='bbox 816 811 962 881; x_wconf 79' lang='lat' dir='ltr'><strong>Senecae</strong></span> <span class='ocrx_word' id='word_1_27' title='bbox 988 815 1081 881; x_wconf 86' lang='lat' dir='ltr'><strong>hanc</strong></span> <span class='ocrx_word' id='word_1_28' title='bbox 1104 837 1162 882; x_wconf 80' lang='lat' dir='ltr'><strong>sex</strong></span> 
     </span>
     <span class='ocr_line' id='line_1_5' title="bbox 124 912 1162 1031; baseline 0.005 -39"><span class='ocrx_word' id='word_1_29' title='bbox 124 951 232 993; x_wconf 86' lang='lat' dir='ltr'><strong>annos</strong></span> <span class='ocrx_word' id='word_1_30' title='bbox 254 944 331 992; x_wconf 82' lang='lat' dir='ltr'><strong>ante</strong></span> <span class='ocrx_word' id='word_1_31' title='bbox 351 928 424 1011; x_wconf 86' lang='lat' dir='ltr'><strong>ejus</strong></span> <span class='ocrx_word' id='word_1_32' title='bbox 446 944 591 992; x_wconf 91' lang='lat' dir='ltr'><strong>mortem</strong></span> <span class='ocrx_word' id='word_1_33' title='bbox 615 927 780 1014; x_wconf 72' lang='lat' dir='ltr'><strong>scriptam</strong></span> <span class='ocrx_word' id='word_1_34' title='bbox 803 950 887 995; x_wconf 83' lang='lat' dir='ltr'><strong>esse.</strong></span> <span class='ocrx_word' id='word_1_35' title='bbox 930 927 1001 996; x_wconf 86' lang='lat' dir='ltr'><strong>Sed</strong></span> <span class='ocrx_word' id='word_1_36' title='bbox 1025 912 1162 1031; x_wconf 31' lang='lat' dir='ltr'><strong>plesse?-</strong></span> 
     </span>
    </p>
   </div>
   <div class='ocr_carea' id='block_1_3' title="bbox 125 1039 1162 1246">
    <p class='ocr_par' dir='ltr' id='par_1_3' title="bbox 125 1039 1162 1246">
     <span class='ocr_line' id='line_1_6' title="bbox 125 1039 885 1132; baseline 0.004 -26"><span class='ocrx_word' id='word_1_37' title='bbox 125 1066 194 1132; x_wconf 90' lang='lat' dir='ltr'><strong>que</strong></span> <span class='ocrx_word' id='word_1_38' title='bbox 214 1039 257 1107; x_wconf 86' lang='lat' dir='ltr'><strong>ed</strong></span> <span class='ocrx_word' id='word_1_39' title='bbox 280 1042 386 1106; x_wconf 89' lang='lat' dir='ltr'><strong>serius</strong></span> <span class='ocrx_word' id='word_1_40' title='bbox 407 1057 543 1130; x_wconf 87' lang='lat' dir='ltr'><strong>tempus</strong></span> <span class='ocrx_word' id='word_1_41' title='bbox 566 1039 768 1109; x_wconf 80' lang='lat' dir='ltr'>referendae</span> <span class='ocrx_word' id='word_1_42' title='bbox 792 1057 885 1109; x_wconf 80' lang='lat' dir='ltr'><strong>sunt.</strong></span> 
     </span>
     <span class='ocr_line' id='line_1_7' title="bbox 166 1137 1162 1246; baseline -0.007 -24"><span class='ocrx_word' id='word_1_43' title='bbox 166 1157 371 1223; x_wconf 82' lang='lat' dir='ltr'><strong>Naturales</strong></span> <span class='ocrx_word' id='word_1_44' title='bbox 398 1155 636 1238; x_wconf 81' lang='lat' dir='ltr'><strong>Quaestiones</strong></span> <span class='ocrx_word' id='word_1_45' title='bbox 659 1154 798 1246; x_wconf 76' lang='lat' dir='ltr'><strong>biennio</strong></span> <span class='ocrx_word' id='word_1_46' title='bbox 824 1172 903 1223; x_wconf 87' lang='lat' dir='ltr'><strong>ente</strong></span> <span class='ocrx_word' id='word_1_47' title='bbox 922 1164 1070 1231; x_wconf 74' lang='lat' dir='ltr'><strong>mortem</strong></span> <span class='ocrx_word' id='word_1_48' title='bbox 1096 1137 1162 1217; x_wconf 59' lang='lat' dir='ltr'><strong>auss</strong></span> 
     </span>
    </p>
   </div>
   <div class='ocr_carea' id='block_1_4' title="bbox 119 1368 1174 3406">
    <p class='ocr_par' dir='ltr' id='par_1_4' title="bbox 121 1368 1165 1702">
     <span class='ocr_line' id='line_1_8' title="bbox 122 1368 1165 1473; baseline -0.001 -26"><span class='ocrx_word' id='word_1_49' title='bbox 122 1381 167 1447; x_wconf 81' lang='lat' dir='ltr'><strong>sic</strong></span> <span class='ocrx_word' id='word_1_50' title='bbox 186 1400 296 1450; x_wconf 87' lang='lat' dir='ltr'><strong>terrae</strong></span> <span class='ocrx_word' id='word_1_51' title='bbox 315 1399 427 1462; x_wconf 90' lang='lat' dir='ltr'><strong>motu,</strong></span> <span class='ocrx_word' id='word_1_52' title='bbox 446 1368 506 1473; x_wconf 66' lang='lat' dir='ltr'><strong>ipui</strong></span> <span class='ocrx_word' id='word_1_53' title='bbox 528 1383 750 1471; x_wconf 76' lang='lat' dir='ltr'><strong>Campaniam</strong></span> <span class='ocrx_word' id='word_1_54' title='bbox 771 1383 963 1466; x_wconf 72' lang='lat' dir='ltr'><strong>concussit,</strong></span> <span class='ocrx_word' id='word_1_55' title='bbox 986 1381 1117 1471; x_wconf 79' lang='lat' dir='ltr'><strong>Regulo</strong></span> <span class='ocrx_word' id='word_1_56' title='bbox 1130 1390 1165 1447; x_wconf 85' lang='lat' dir='ltr'><strong>et</strong></span> 
     </span>
     <span class='ocr_line' id='line_1_9' title="bbox 121 1493 1164 1586; baseline -0.002 -22"><span class='ocrx_word' id='word_1_57' title='bbox 121 1497 279 1583; x_wconf 83' lang='lat' dir='ltr'><strong>Virginio</strong></span> <span class='ocrx_word' id='word_1_58' title='bbox 314 1493 536 1575; x_wconf 79' lang='lat' dir='ltr'><strong>consulibua,</strong></span> <span class='ocrx_word' id='word_1_59' title='bbox 568 1498 629 1586; x_wconf 90' lang='lat' dir='ltr'><strong>qui</strong></span> <span class='ocrx_word' id='word_1_60' title='bbox 655 1495 796 1562; x_wconf 88' lang='lat' dir='ltr'><strong>fuerunt</strong></span> <span class='ocrx_word' id='word_1_61' title='bbox 831 1494 986 1574; x_wconf 82' lang='lat' dir='ltr'><strong>consules</strong></span> <span class='ocrx_word' id='word_1_62' title='bbox 1023 1497 1164 1563; x_wconf 88' lang='lat' dir='ltr'><strong>biennio</strong></span> 
     </span>
     <span class='ocr_line' id='line_1_10' title="bbox 124 1606 1163 1702; baseline 0.005 -25"><span class='ocrx_word' id='word_1_63' title='bbox 124 1629 202 1678; x_wconf 87' lang='lat' dir='ltr'><strong>ante</strong></span> <span class='ocrx_word' id='word_1_64' title='bbox 222 1628 329 1676; x_wconf 89' lang='lat' dir='ltr'><strong>morte</strong></span> <span class='ocrx_word' id='word_1_65' title='bbox 345 1609 514 1680; x_wconf 82' lang='lat' dir='ltr'><strong>Senecae,</strong></span> <span class='ocrx_word' id='word_1_66' title='bbox 539 1606 582 1674; x_wconf 92' lang='lat' dir='ltr'><strong>ab</strong></span> <span class='ocrx_word' id='word_1_67' title='bbox 604 1633 638 1696; x_wconf 78' lang='lat' dir='ltr'><strong>u.</strong></span> <span class='ocrx_word' id='word_1_68' title='bbox 663 1631 693 1676; x_wconf 89' lang='lat' dir='ltr'><strong>c.</strong></span> <span class='ocrx_word' id='word_1_69' title='bbox 708 1609 784 1679; x_wconf 83' lang='lat'><strong>816.</strong></span> <span class='ocrx_word' id='word_1_70' title='bbox 809 1635 845 1702; x_wconf 85' lang='lat' dir='ltr'><strong>p.</strong></span> <span class='ocrx_word' id='word_1_71' title='bbox 864 1610 947 1679; x_wconf 81' lang='lat' dir='ltr'><strong>chr.</strong></span> <span class='ocrx_word' id='word_1_72' title='bbox 967 1612 1058 1680; x_wconf 78' lang='lat' dir='ltr'><strong>n63</strong></span> <span class='ocrx_word' id='word_1_73' title='bbox 1081 1609 1163 1698; x_wconf 64' lang='lat'><strong>(20).</strong></span> 
     </span>
    </p>

    <p class='ocr_par' dir='ltr' id='par_1_5' title="bbox 119 1708 1174 3406">
     <span class='ocr_line' id='line_1_11' title="bbox 168 1708 1162 1812; baseline 0.001 -25"><span class='ocrx_word' id='word_1_74' title='bbox 168 1726 275 1792; x_wconf 86' lang='lat' dir='ltr'><strong>Liber</strong></span> <span class='ocrx_word' id='word_1_75' title='bbox 297 1723 340 1790; x_wconf 84' lang='lat' dir='ltr'><strong>de</strong></span> <span class='ocrx_word' id='word_1_76' title='bbox 360 1708 598 1790; x_wconf 77' lang='lat' dir='ltr'><strong>Providentia</strong></span> <span class='ocrx_word' id='word_1_77' title='bbox 618 1720 705 1788; x_wconf 89' lang='lat' dir='ltr'><strong>nihil</strong></span> <span class='ocrx_word' id='word_1_78' title='bbox 721 1723 860 1812; x_wconf 88' lang='lat' dir='ltr'><strong>quidem</strong></span> <span class='ocrx_word' id='word_1_79' title='bbox 877 1726 1052 1803; x_wconf 85' lang='lat' dir='ltr'><strong>eontinet,</strong></span> <span class='ocrx_word' id='word_1_80' title='bbox 1071 1720 1162 1812; x_wconf 84' lang='lat' dir='ltr'><strong>quod</strong></span> 
     </span>
     <span class='ocr_line' id='line_1_12' title="bbox 125 1836 1163 1930; baseline -0.003 -24"><span class='ocrx_word' id='word_1_81' title='bbox 125 1837 169 1907; x_wconf 88' lang='lat' dir='ltr'><strong>ad</strong></span> <span class='ocrx_word' id='word_1_82' title='bbox 195 1839 441 1904; x_wconf 82' lang='lat' dir='ltr'><strong>accuratiorem</strong></span> <span class='ocrx_word' id='word_1_83' title='bbox 474 1838 653 1930; x_wconf 87' lang='lat' dir='ltr'><strong>temporis,</strong></span> <span class='ocrx_word' id='word_1_84' title='bbox 674 1860 744 1927; x_wconf 88' lang='lat' dir='ltr'><strong>quo</strong></span> <span class='ocrx_word' id='word_1_85' title='bbox 770 1838 922 1927; x_wconf 63' lang='lat' dir='ltr'><strong>scriptus*</strong></span> <span class='ocrx_word' id='word_1_86' title='bbox 939 1856 1012 1922; x_wconf 89' lang='lat' dir='ltr'><strong>est,</strong></span> <span class='ocrx_word' id='word_1_87' title='bbox 1032 1836 1163 1906; x_wconf 86' lang='lat' dir='ltr'><strong>delini·</strong></span> 
     </span>
     <span class='ocr_line' id='line_1_13' title="bbox 126 1949 1164 2040; baseline -0.001 -21"><span class='ocrx_word' id='word_1_88' title='bbox 126 1953 255 2019; x_wconf 90' lang='lat' dir='ltr'><strong>tionem</strong></span> <span class='ocrx_word' id='word_1_89' title='bbox 276 1951 423 2023; x_wconf 85' lang='lat' dir='ltr'><strong>confert.</strong></span> <span class='ocrx_word' id='word_1_90' title='bbox 470 1949 539 2018; x_wconf 86' lang='lat' dir='ltr'><strong>Sed</strong></span> <span class='ocrx_word' id='word_1_91' title='bbox 567 1975 643 2017; x_wconf 92' lang='lat' dir='ltr'><strong>cnm</strong></span> <span class='ocrx_word' id='word_1_92' title='bbox 668 1951 840 2040; x_wconf 85' lang='lat' dir='ltr'><strong>Epistoiae</strong></span> <span class='ocrx_word' id='word_1_93' title='bbox 866 1950 909 2017; x_wconf 89' lang='lat' dir='ltr'><strong>sd</strong></span> <span class='ocrx_word' id='word_1_94' title='bbox 939 1950 1109 2019; x_wconf 86' lang='lat' dir='ltr'><strong>Lucilium</strong></span> <span class='ocrx_word' id='word_1_95' title='bbox 1132 1965 1164 2018; x_wconf 81' lang='lat' dir='ltr'><strong>et</strong></span> 
     </span>
     <span class='ocr_line' id='line_1_14' title="bbox 126 2054 1165 2163; baseline -0.003 -28"><span class='ocrx_word' id='word_1_96' title='bbox 126 2065 304 2163; x_wconf 63' lang='lat' dir='ltr'><strong>Natusples</strong></span> <span class='ocrx_word' id='word_1_97' title='bbox 327 2065 552 2155; x_wconf 86' lang='lat' dir='ltr'><strong>Quaestioues</strong></span> <span class='ocrx_word' id='word_1_98' title='bbox 586 2066 618 2132; x_wconf 93' lang='lat' dir='ltr'><strong>ei</strong></span> <span class='ocrx_word' id='word_1_99' title='bbox 649 2054 825 2132; x_wconf 73' lang='lat' dir='ltr'><strong>dedicatae</strong></span> <span class='ocrx_word' id='word_1_100' title='bbox 857 2091 877 2132; x_wconf 87' lang='lat' dir='ltr'><strong>a</strong></span> <span class='ocrx_word' id='word_1_101' title='bbox 908 2087 989 2134; x_wconf 87' lang='lat' dir='ltr'><strong>sene</strong></span> <span class='ocrx_word' id='word_1_102' title='bbox 1018 2067 1165 2156; x_wconf 73' lang='lat' dir='ltr'><strong>scriptae</strong></span> 
     </span>
     <span class='ocr_line' id='line_1_15' title="bbox 128 2178 1165 2275; baseline 0 -27"><span class='ocrx_word' id='word_1_103' title='bbox 128 2182 217 2258; x_wconf 85' lang='lat' dir='ltr'><strong>siut,</strong></span> <span class='ocrx_word' id='word_1_104' title='bbox 243 2181 406 2275; x_wconf 88' lang='lat' dir='ltr'><strong>suspicari</strong></span> <span class='ocrx_word' id='word_1_105' title='bbox 432 2178 532 2255; x_wconf 86' lang='lat' dir='ltr'><strong>licet,</strong></span> <span class='ocrx_word' id='word_1_106' title='bbox 566 2179 659 2246; x_wconf 89' lang='lat' dir='ltr'><strong>hunc</strong></span> <span class='ocrx_word' id='word_1_107' title='bbox 686 2181 787 2247; x_wconf 89' lang='lat' dir='ltr'><strong>etiam</strong></span> <span class='ocrx_word' id='word_1_108' title='bbox 813 2178 969 2254; x_wconf 87' lang='lat' dir='ltr'><strong>libellum</strong></span> <span class='ocrx_word' id='word_1_109' title='bbox 996 2207 1014 2248; x_wconf 87' lang='lat' dir='ltr'><strong>a</strong></span> <span class='ocrx_word' id='word_1_110' title='bbox 1038 2181 1165 2251; x_wconf 82' lang='lat' dir='ltr'><strong>Seneca</strong></span> 
     </span>
     <span class='ocr_line' id='line_1_16' title="bbox 128 2292 1164 2386; baseline -0.004 -21"><span class='ocrx_word' id='word_1_111' title='bbox 128 2319 209 2365; x_wconf 86' lang='lat' dir='ltr'><strong>seue</strong></span> <span class='ocrx_word' id='word_1_112' title='bbox 230 2296 399 2384; x_wconf 86' lang='lat' dir='ltr'><strong>scriptum</strong></span> <span class='ocrx_word' id='word_1_113' title='bbox 416 2317 499 2360; x_wconf 86' lang='lat' dir='ltr'><strong>esse.</strong></span> <span class='ocrx_word' id='word_1_114' title='bbox 546 2292 621 2359; x_wconf 85' lang='lat' dir='ltr'><strong>Huc</strong></span> <span class='ocrx_word' id='word_1_115' title='bbox 642 2293 744 2360; x_wconf 90' lang='lat' dir='ltr'><strong>etiam</strong></span> <span class='ocrx_word' id='word_1_116' title='bbox 759 2293 964 2377; x_wconf 84' lang='lat' dir='ltr'><strong>collineant,</strong></span> <span class='ocrx_word' id='word_1_117' title='bbox 985 2319 1072 2386; x_wconf 88' lang='lat' dir='ltr'><strong>quae</strong></span> <span class='ocrx_word' id='word_1_118' title='bbox 1092 2318 1124 2363; x_wconf 80' lang='lat' dir='ltr'><strong>c.</strong></span> <span class='ocrx_word' id='word_1_119' title='bbox 1140 2293 1164 2362; x_wconf 75' lang='lat' dir='ltr'><strong>l·</strong></span> 
     </span>
     <span class='ocr_line' id='line_1_17' title="bbox 119 2398 1167 2505; baseline -0.003 -27"><span class='ocrx_word' id='word_1_120' title='bbox 119 2409 235 2479; x_wconf 73' lang='lat' dir='ltr'><strong>dicits</strong></span> <span class='ocrx_word' id='word_1_121' title='bbox 269 2439 287 2480; x_wconf 76' lang='lat' dir='ltr'><strong>a</strong></span> <span class='ocrx_word' id='word_1_122' title='bbox 305 2407 376 2475; x_wconf 86' lang='lat' dir='ltr'><strong>Suo</strong></span> <span class='ocrx_word' id='word_1_123' title='bbox 389 2407 453 2474; x_wconf 86' lang='lat' dir='ltr'><strong>ista</strong></span> <span class='ocrx_word' id='word_1_124' title='bbox 471 2409 619 2496; x_wconf 87' lang='lat' dir='ltr'><strong>tempori</strong></span> <span class='ocrx_word' id='word_1_125' title='bbox 636 2410 899 2493; x_wconf 83' lang='lat' dir='ltr'><strong>reserventur”‚</strong></span> <span class='ocrx_word' id='word_1_126' title='bbox 913 2408 1062 2488; x_wconf 85' lang='lat' dir='ltr'><strong>scilicet,</strong></span> <span class='ocrx_word' id='word_1_127' title='bbox 1082 2398 1167 2505; x_wconf 72' lang='lat' dir='ltr'><strong>quac</strong></span> 
     </span>
     <span class='ocr_line' id='line_1_18' title="bbox 127 2519 1165 2615; baseline -0.003 -24"><span class='ocrx_word' id='word_1_128' title='bbox 127 2527 166 2591; x_wconf 92' lang='lat' dir='ltr'><strong>in</strong></span> <span class='ocrx_word' id='word_1_129' title='bbox 195 2519 478 2593; x_wconf 83' lang='lat' dir='ltr'><strong>antecedentibus</strong></span> <span class='ocrx_word' id='word_1_130' title='bbox 504 2519 754 2603; x_wconf 82' lang='lat' dir='ltr'><strong>contenderat,</strong></span> <span class='ocrx_word' id='word_1_131' title='bbox 776 2545 847 2588; x_wconf 92' lang='lat' dir='ltr'><strong>non</strong></span> <span class='ocrx_word' id='word_1_132' title='bbox 869 2521 942 2589; x_wconf 88' lang='lat' dir='ltr'><strong>siue</strong></span> <span class='ocrx_word' id='word_1_133' title='bbox 963 2523 1082 2615; x_wconf 89' lang='lat' dir='ltr'><strong>aliquo</strong></span> <span class='ocrx_word' id='word_1_134' title='bbox 1105 2546 1165 2591; x_wconf 76' lang='lat' dir='ltr'><strong>cu-</strong></span> 
     </span>
     <span class='ocr_line' id='line_1_19' title="bbox 128 2622 1166 2716; baseline -0.009 -8"><span class='ocrx_word' id='word_1_135' title='bbox 128 2637 226 2708; x_wconf 83' lang='lat' dir='ltr'><strong>stode</strong></span> <span class='ocrx_word' id='word_1_136' title='bbox 250 2652 292 2712; x_wconf 86' lang='lat' dir='ltr'><strong>et¹</strong></span> <span class='ocrx_word' id='word_1_137' title='bbox 310 2651 444 2703; x_wconf 87' lang='lat' dir='ltr'><strong>rectore</strong></span> <span class='ocrx_word' id='word_1_138' title='bbox 478 2633 630 2701; x_wconf 90' lang='lat' dir='ltr'><strong>siderum</strong></span> <span class='ocrx_word' id='word_1_139' title='bbox 662 2652 793 2703; x_wconf 86' lang='lat' dir='ltr'><strong>certum</strong></span> <span class='ocrx_word' id='word_1_140' title='bbox 821 2634 1013 2705; x_wconf 78' lang='lat' dir='ltr'><strong>discursum</strong></span> <span class='ocrx_word' id='word_1_141' title='bbox 1041 2654 1077 2716; x_wconf 83' lang='lat' dir='ltr'><strong>et</strong></span> <span class='ocrx_word' id='word_1_142' title='bbox 1109 2622 1166 2703; x_wconf 71' lang='lat' dir='ltr'><strong>in-v</strong></span> 
     </span>
     <span class='ocr_line' id='line_1_20' title="bbox 130 2746 1166 2842; baseline -0.003 -20"><span class='ocrx_word' id='word_1_143' title='bbox 130 2752 293 2822; x_wconf 82' lang='lat' dir='ltr'><strong>offensem</strong></span> <span class='ocrx_word' id='word_1_144' title='bbox 311 2746 542 2830; x_wconf 76' lang='lat' dir='ltr'><strong>velocitatem,</strong></span> <span class='ocrx_word' id='word_1_145' title='bbox 565 2748 677 2816; x_wconf 84' lang='lat' dir='ltr'><strong>inlusa</strong></span> <span class='ocrx_word' id='word_1_146' title='bbox 703 2747 844 2818; x_wconf 83' lang='lat' dir='ltr'><strong>vallibus</strong></span> <span class='ocrx_word' id='word_1_147' title='bbox 870 2751 996 2836; x_wconf 86' lang='lat' dir='ltr'><strong>maris,</strong></span> <span class='ocrx_word' id='word_1_148' title='bbox 1020 2750 1166 2842; x_wconf 73' lang='lat' dir='ltr'><strong>pluvios,</strong></span> 
     </span>
     <span class='ocr_line' id='line_1_21' title="bbox 130 2861 1168 2950; baseline -0.003 -14"><span class='ocrx_word' id='word_1_149' title='bbox 130 2867 242 2936; x_wconf 84' lang='lat' dir='ltr'><strong>nubes</strong></span> <span class='ocrx_word' id='word_1_150' title='bbox 268 2881 304 2931; x_wconf 89' lang='lat' dir='ltr'><strong>et</strong></span> <span class='ocrx_word' id='word_1_151' title='bbox 326 2862 486 2930; x_wconf 89' lang='lat' dir='ltr'><strong>elisorum</strong></span> <span class='ocrx_word' id='word_1_152' title='bbox 505 2861 688 2930; x_wconf 84' lang='lat' dir='ltr'><strong>inimicum</strong></span> <span class='ocrx_word' id='word_1_153' title='bbox 714 2865 848 2950; x_wconf 87' lang='lat' dir='ltr'><strong>jactus,</strong></span> <span class='ocrx_word' id='word_1_154' title='bbox 867 2883 902 2934; x_wconf 90' lang='lat' dir='ltr'><strong>et</strong></span> <span class='ocrx_word' id='word_1_155' title='bbox 920 2864 1085 2944; x_wconf 82' lang='lat' dir='ltr'><strong>incendis</strong></span> <span class='ocrx_word' id='word_1_156' title='bbox 1106 2891 1168 2933; x_wconf 81' lang='lat' dir='ltr'><strong>ru·</strong></span> 
     </span>
     <span class='ocr_line' id='line_1_22' title="bbox 129 2976 1169 3072; baseline 0.007 -26"><span class='ocrx_word' id='word_1_157' title='bbox 129 2981 202 3072; x_wconf 88' lang='lat' dir='ltr'><strong>ptis</strong></span> <span class='ocrx_word' id='word_1_158' title='bbox 227 2982 391 3046; x_wconf 90' lang='lat' dir='ltr'><strong>montium</strong></span> <span class='ocrx_word' id='word_1_159' title='bbox 412 2977 597 3046; x_wconf 84' lang='lat' dir='ltr'><strong>verticibus</strong></span> <span class='ocrx_word' id='word_1_160' title='bbox 625 2976 751 3057; x_wconf 87' lang='lat' dir='ltr'><strong>effusa,</strong></span> <span class='ocrx_word' id='word_1_161' title='bbox 773 2995 808 3045; x_wconf 87' lang='lat' dir='ltr'><strong>et</strong></span> <span class='ocrx_word' id='word_1_162' title='bbox 837 2996 1001 3049; x_wconf 83' lang='lat' dir='ltr'><strong>tremores</strong></span> <span class='ocrx_word' id='word_1_163' title='bbox 1022 2981 1169 3053; x_wconf 76' lang='lat' dir='ltr'><strong>labantis</strong></span> 
     </span>
     <span class='ocr_line' id='line_1_23' title="bbox 133 3092 1171 3174; baseline 0.001 -13"><span class='ocrx_word' id='word_1_164' title='bbox 133 3094 214 3174; x_wconf 88' lang='lat' dir='ltr'><strong>soii,</strong></span> <span class='ocrx_word' id='word_1_165' title='bbox 237 3111 273 3159; x_wconf 88' lang='lat' dir='ltr'><strong>et</strong></span> <span class='ocrx_word' id='word_1_166' title='bbox 294 3113 445 3158; x_wconf 86' lang='lat' dir='ltr'><strong>accessus</strong></span> <span class='ocrx_word' id='word_1_167' title='bbox 466 3106 501 3157; x_wconf 88' lang='lat' dir='ltr'><strong>et</strong></span> <span class='ocrx_word' id='word_1_168' title='bbox 522 3112 675 3157; x_wconf 86' lang='lat' dir='ltr'><strong>recessus</strong></span> <span class='ocrx_word' id='word_1_169' title='bbox 702 3093 826 3172; x_wconf 86' lang='lat' dir='ltr'><strong>maris,</strong></span> <span class='ocrx_word' id='word_1_170' title='bbox 855 3108 890 3160; x_wconf 87' lang='lat' dir='ltr'><strong>et</strong></span> <span class='ocrx_word' id='word_1_171' title='bbox 922 3092 1171 3162; x_wconf 77' lang='lat' dir='ltr'><strong>vicissitudines</strong></span> 
     </span>
     <span class='ocr_line' id='line_1_24' title="bbox 133 3204 1173 3296; baseline -0.001 -19"><span class='ocrx_word' id='word_1_172' title='bbox 133 3209 216 3277; x_wconf 88' lang='lat' dir='ltr'><strong>anni</strong></span> <span class='ocrx_word' id='word_1_173' title='bbox 246 3229 344 3296; x_wconf 87' lang='lat' dir='ltr'><strong>posse</strong></span> <span class='ocrx_word' id='word_1_174' title='bbox 370 3204 446 3270; x_wconf 88' lang='lat' dir='ltr'><strong>fieri</strong></span> <span class='ocrx_word' id='word_1_175' title='bbox 470 3220 506 3270; x_wconf 87' lang='lat' dir='ltr'><strong>et</strong></span> <span class='ocrx_word' id='word_1_176' title='bbox 537 3218 706 3273; x_wconf 85' lang='lat' dir='ltr'><strong>constare.</strong></span> <span class='ocrx_word' id='word_1_177' title='bbox 762 3205 851 3292; x_wconf 79' lang='lat' dir='ltr'><strong>Ergo</strong></span> <span class='ocrx_word' id='word_1_178' title='bbox 881 3204 957 3274; x_wconf 84' lang='lat' dir='ltr'><strong>vult</strong></span> <span class='ocrx_word' id='word_1_179' title='bbox 986 3205 1054 3274; x_wconf 86' lang='lat' dir='ltr'><strong>alio</strong></span> <span class='ocrx_word' id='word_1_180' title='bbox 1082 3208 1173 3276; x_wconf 84' lang='lat' dir='ltr'><strong>libro</strong></span> 
     </span>
     <span class='ocr_line' id='line_1_25' title="bbox 131 3316 1174 3406; baseline -0.005 -14"><span class='ocrx_word' id='word_1_181' title='bbox 131 3323 200 3392; x_wconf 83' lang='lat' dir='ltr'><strong>iroc</strong></span> <span class='ocrx_word' id='word_1_182' title='bbox 229 3321 335 3386; x_wconf 86' lang='lat' dir='ltr'><strong>fusius</strong></span> <span class='ocrx_word' id='word_1_183' title='bbox 359 3316 514 3406; x_wconf 82' lang='lat' dir='ltr'><strong>digerere</strong></span> <span class='ocrx_word' id='word_1_184' title='bbox 535 3333 572 3385; x_wconf 88' lang='lat' dir='ltr'><strong>et</strong></span> <span class='ocrx_word' id='word_1_185' title='bbox 600 3317 846 3387; x_wconf 86' lang='lat' dir='ltr'><strong>demonstrare.</strong></span> <span class='ocrx_word' id='word_1_186' title='bbox 890 3319 957 3388; x_wconf 89' lang='lat' dir='ltr'><strong>Hic</strong></span> <span class='ocrx_word' id='word_1_187' title='bbox 986 3320 1077 3394; x_wconf 85' lang='lat' dir='ltr'><strong>liber</strong></span> <span class='ocrx_word' id='word_1_188' title='bbox 1107 3345 1174 3392; x_wconf 88' lang='lat' dir='ltr'><strong>nou</strong></span> 
     </span>
    </p>
   </div>
   <div class='ocr_carea' id='block_1_5' title="bbox 132 3521 346 3557">
    <p class='ocr_par' dir='ltr' id='par_1_6' title="bbox 132 3521 346 3557">
     <span class='ocr_line' id='line_1_26' title="bbox 132 3521 346 3557; baseline 0 -18"><span class='ocrx_word' id='word_1_189' title='bbox 132 3521 346 3557; x_wconf 49' lang='grc' dir='ltr'>μ...-</span> 
     </span>
    </p>
   </div>
   <div class='ocr_carea' id='block_1_6' title="bbox 136 3627 1185 4132">
    <p class='ocr_par' dir='ltr' id='par_1_7' title="bbox 136 3627 1185 4132">
     <span class='ocr_line' id='line_1_27' title="bbox 172 3627 1179 3706; baseline 0.011 -23"><span class='ocrx_word' id='word_1_190' title='bbox 172 3633 244 3706; x_wconf 77' lang='lat'><strong>(20)</strong></span> <span class='ocrx_word' id='word_1_191' title='bbox 269 3629 299 3696; x_wconf 73' lang='lat' dir='ltr'><strong>si</strong></span> <span class='ocrx_word' id='word_1_192' title='bbox 321 3627 407 3686; x_wconf 77' lang='lat' dir='ltr'><strong>Taciti</strong></span> <span class='ocrx_word' id='word_1_193' title='bbox 430 3627 542 3685; x_wconf 75' lang='lat' dir='ltr'><strong>Ananias</strong></span> <span class='ocrx_word' id='word_1_194' title='bbox 559 3630 623 3702; x_wconf 77' lang='lat' dir='ltr'><strong>it,</strong></span> <span class='ocrx_word' id='word_1_195' title='bbox 639 3651 682 3689; x_wconf 80' lang='lat' dir='ltr'><strong>aa·</strong></span> <span class='ocrx_word' id='word_1_196' title='bbox 706 3649 862 3705; x_wconf 78' lang='lat' dir='ltr'><strong>sequanus,</strong></span> <span class='ocrx_word' id='word_1_197' title='bbox 880 3634 904 3690; x_wconf 84' lang='lat' dir='ltr'><strong>is</strong></span> <span class='ocrx_word' id='word_1_198' title='bbox 924 3645 1009 3691; x_wconf 81' lang='lat' dir='ltr'><strong>tarsae</strong></span> <span class='ocrx_word' id='word_1_199' title='bbox 1029 3647 1117 3694; x_wconf 85' lang='lat' dir='ltr'><strong>motus</strong></span> <span class='ocrx_word' id='word_1_200' title='bbox 1132 3654 1179 3694; x_wconf 83' lang='lat' dir='ltr'><strong>ee-</strong></span> 
     </span>
     <span class='ocr_line' id='line_1_28' title="bbox 137 3715 1179 3799; baseline 0.004 -22"><span class='ocrx_word' id='word_1_201' title='bbox 137 3721 203 3779; x_wconf 86' lang='lat' dir='ltr'><strong>eidit</strong></span> <span class='ocrx_word' id='word_1_202' title='bbox 216 3737 243 3777; x_wconf 80' lang='lat' dir='ltr'><strong>s.</strong></span> <span class='ocrx_word' id='word_1_203' title='bbox 261 3736 286 3774; x_wconf 88' lang='lat' dir='ltr'><strong>n.</strong></span> <span class='ocrx_word' id='word_1_204' title='bbox 304 3736 328 3770; x_wconf 78' lang='lat' dir='ltr'><strong>e·</strong></span> <span class='ocrx_word' id='word_1_205' title='bbox 346 3718 407 3774; x_wconf 75' lang='lat'><strong>816.</strong></span> <span class='ocrx_word' id='word_1_206' title='bbox 440 3715 468 3770; x_wconf 85' lang='lat' dir='ltr'><strong>is</strong></span> <span class='ocrx_word' id='word_1_207' title='bbox 485 3717 539 3772; x_wconf 76' lang='lat' dir='ltr'><strong>aits</strong></span> <span class='ocrx_word' id='word_1_208' title='bbox 574 3718 637 3774; x_wconf 81' lang='lat' dir='ltr'><strong>siit</strong></span> <span class='ocrx_word' id='word_1_209' title='bbox 651 3730 721 3773; x_wconf 87' lang='lat' dir='ltr'><strong>motu</strong></span> <span class='ocrx_word' id='word_1_210' title='bbox 739 3720 940 3777; x_wconf 77' lang='lat' dir='ltr'><strong>terraeeeiebre</strong></span> <span class='ocrx_word' id='word_1_211' title='bbox 955 3722 1115 3795; x_wconf 76' lang='lat' dir='ltr'><strong>Campaniae</strong></span> <span class='ocrx_word' id='word_1_212' title='bbox 1129 3727 1179 3799; x_wconf 69' lang='lat' dir='ltr'><strong>op-</strong></span> 
     </span>
     <span class='ocr_line' id='line_1_29' title="bbox 138 3803 1179 3881; baseline 0.005 -19"><span class='ocrx_word' id='word_1_213' title='bbox 138 3807 247 3881; x_wconf 83' lang='lat' dir='ltr'><strong>pidum,</strong></span> <span class='ocrx_word' id='word_1_214' title='bbox 264 3803 397 3876; x_wconf 66' lang='lat' dir='ltr'><strong>Posupefi,</strong></span> <span class='ocrx_word' id='word_1_215' title='bbox 414 3822 504 3873; x_wconf 72' lang='lat' dir='ltr'><strong>magns</strong></span> <span class='ocrx_word' id='word_1_216' title='bbox 521 3821 552 3857; x_wconf 82' lang='lat' dir='ltr'><strong>ee</strong></span> <span class='ocrx_word' id='word_1_217' title='bbox 568 3817 642 3876; x_wconf 80' lang='lat' dir='ltr'><strong>perte</strong></span> <span class='ocrx_word' id='word_1_218' title='bbox 654 3807 782 3865; x_wconf 82' lang='lat' dir='ltr'><strong>corruit.”</strong></span> <span class='ocrx_word' id='word_1_219' title='bbox 818 3806 946 3863; x_wconf 66' lang='lat' dir='ltr'><strong>funditus</strong></span> <span class='ocrx_word' id='word_1_220' title='bbox 961 3824 1048 3866; x_wconf 83' lang='lat' dir='ltr'><strong>eutem</strong></span> <span class='ocrx_word' id='word_1_221' title='bbox 1066 3812 1179 3867; x_wconf 69' lang='lat' dir='ltr'><strong>sedeci·</strong></span> 
     </span>
     <span class='ocr_line' id='line_1_30' title="bbox 138 3891 1185 3972; baseline 0.008 -28"><span class='ocrx_word' id='word_1_222' title='bbox 138 3895 214 3950; x_wconf 62' lang='lat' dir='ltr'><strong>euntis</strong></span> <span class='ocrx_word' id='word_1_223' title='bbox 226 3900 284 3964; x_wconf 84' lang='lat' dir='ltr'><strong>post</strong></span> <span class='ocrx_word' id='word_1_224' title='bbox 298 3907 410 3944; x_wconf 81' lang='lat' dir='ltr'><strong>mersum</strong></span> <span class='ocrx_word' id='word_1_225' title='bbox 427 3908 480 3945; x_wconf 80' lang='lat' dir='ltr'><strong>esse</strong></span> <span class='ocrx_word' id='word_1_226' title='bbox 490 3891 601 3964; x_wconf 79' lang='lat' dir='ltr'><strong>repetitu</strong></span> <span class='ocrx_word' id='word_1_227' title='bbox 616 3903 803 3962; x_wconf 77' lang='lat' dir='ltr'><strong>terraemotu,</strong></span> <span class='ocrx_word' id='word_1_228' title='bbox 819 3895 894 3951; x_wconf 82' lang='lat' dir='ltr'><strong>duest</strong></span> <span class='ocrx_word' id='word_1_229' title='bbox 904 3896 1078 3953; x_wconf 78' lang='lat' dir='ltr'><strong>Dic-Gauius</strong></span> <span class='ocrx_word' id='word_1_230' title='bbox 1087 3899 1185 3972; x_wconf 73' lang='lat' dir='ltr'><strong>titt,</strong></span> 
     </span>
     <span class='ocr_line' id='line_1_31' title="bbox 136 3976 1184 4060; baseline 0.005 -21"><span class='ocrx_word' id='word_1_231' title='bbox 136 3985 192 4046; x_wconf 65' lang='grc' dir='ltr'><strong>αὖ..</strong></span> <span class='ocrx_word' id='word_1_232' title='bbox 209 3981 228 4038; x_wconf 85' lang='grc' dir='ltr'><strong>ἰ.</strong></span> <span class='ocrx_word' id='word_1_233' title='bbox 245 4000 269 4039; x_wconf 78' lang='lat' dir='ltr'><strong>s·</strong></span> <span class='ocrx_word' id='word_1_234' title='bbox 296 3996 363 4038; x_wconf 80' lang='lat' dir='ltr'><strong>suno</strong></span> <span class='ocrx_word' id='word_1_235' title='bbox 381 3997 405 4050; x_wconf 84' lang='lat' dir='ltr'><strong>p.</strong></span> <span class='ocrx_word' id='word_1_236' title='bbox 422 3977 484 4037; x_wconf 74' lang='lat' dir='ltr'><strong>etr.</strong></span> <span class='ocrx_word' id='word_1_237' title='bbox 502 3996 580 4050; x_wconf 60' lang='grc' dir='ltr'><strong>ης.</strong></span> <span class='ocrx_word' id='word_1_238' title='bbox 603 3976 656 4038; x_wconf 83' lang='lat' dir='ltr'><strong>Cir.</strong></span> <span class='ocrx_word' id='word_1_239' title='bbox 674 3980 841 4054; x_wconf 76' lang='lat' dir='ltr'><strong>iiuhkopi</strong></span> <span class='ocrx_word' id='word_1_240' title='bbox 854 3983 887 4039; x_wconf 83' lang='lat' dir='ltr'><strong>ad</strong></span> <span class='ocrx_word' id='word_1_241' title='bbox 903 3984 1001 4060; x_wconf 58' lang='lat' dir='ltr'><strong>sepul.</strong></span> <span class='ocrx_word' id='word_1_242' title='bbox 1025 3985 1090 4042; x_wconf 80' lang='lat' dir='ltr'><strong>titrt</strong></span> <span class='ocrx_word' id='word_1_243' title='bbox 1114 3988 1184 4044; x_wconf 75' lang='lat' dir='ltr'><strong>usti</strong></span> 
     </span>
     <span class='ocr_line' id='line_1_32' title="bbox 139 4066 611 4132; baseline 0.004 -8"><span class='ocrx_word' id='word_1_244' title='bbox 139 4067 201 4131; x_wconf 69' lang='lat' dir='ltr'><strong>liet·</strong></span> <span class='ocrx_word' id='word_1_245' title='bbox 218 4066 327 4132; x_wconf 77' lang='lat' dir='ltr'><strong>Qusut.</strong></span> <span class='ocrx_word' id='word_1_246' title='bbox 609 4096 611 4103; x_wconf 68' lang='grc'><em>’</em></span> 
     </span>
    </p>
   </div>
   <div class='ocr_carea' id='block_1_7' title="bbox 0 0 1325 4740">
    <p class='ocr_par' dir='ltr' id='par_1_8' title="bbox 0 0 1325 4740">
     <span class='ocr_line' id='line_1_33' title="bbox 0 0 1325 4740; baseline 0 0"><span class='ocrx_word' id='word_1_247' title='bbox 0 0 1325 4740; x_wconf 95' lang='lat' dir='ltr'><strong> </strong></span> 
     </span>
    </p>
   </div>
  </div>
 </body>
</html>
