2604 4740
547 358 738 445 (175)

120 543 273 617 nascitur
294 567 335 611 ex
358 540 447 610 malo
466 539 618 625 bonnm,
641 561 746 631 quam
765 538 848 609 ficus
871 541 908 609 in
934 538 1047 614 olea.”
1085 548 1165 619 Clrt·

120 662 246 735 Matth.
264 661 351 742 VII,
373 660 408 727 6.
429 656 542 744 Epist.
560 657 621 740 752
656 655 771 726 «Non
788 670 839 721 est
856 656 997 743 beatus,
1021 662 1083 753 qui
1098 665 1167 731 scit

122 779 202 862 illa,
225 775 286 842 sed
311 772 371 861 qui
390 769 512 838 facit.”
544 767 619 839 cta.
641 769 722 836 Joh.
740 769 923 859 x111,17.
957 775 1070 865 Epist.
1083 796 1164 867 1223

125 924 142 964 a
162 891 286 958 Gravis
306 883 414 953 malae
438 884 664 950 conscientiae
683 881 785 952 lux.”
830 885 906 956 Gsr.
927 888 1006 956 Joh.
1024 891 1093 973 111,
1110 911 1169 960 2⁰0·

123 1009 175 1074 De
199 1007 294 1070 Beat.
314 1000 386 1072 vit.
407 1003 469 1069 252
508 997 691 1084 «Papulas
713 999 898 1068 observatis
917 1002 1042 1069 alienas
1066 1004 1170 1074 obsiti

126 1117 284 1210 plurimis
311 1111 526 1181 uleeribus.'’
571 1110 647 1179 Csr·
673 1112 802 1181 Marah.
823 1115 911 1199 VII,
934 1117 966 1186 ὅ.
1009 1114 1169 1190 Ibidama

127 1229 266 1307 «Nulla
285 1228 373 1296 hora
391 1225 466 1294 sine
487 1225 630 1317 querela
652 1226 743 1294 est.”
787 1224 863 1294 cta.
878 1229 1005 1300 Matth.
1022 1233 1088 1307 Vt,
1115 1235 1171 1304 54.

126 1349 178 1416 De
201 1345 380 1426 Constant.
403 1364 446 1428 7²
470 1341 622 1414 «Potest
638 1339 761 1432 aliquis
782 1365 911 1411 nocens
929 1344 1028 1426 lieri,
1042 1371 1172 1436 quam·

127 1461 178 1532 vis
204 1480 278 1526 non
296 1458 478 1541 nocuerit3
503 1454 618 1522 omnia
639 1455 770 1527 scelera
789 1458 891 1526 etiam
912 1474 993 1526 ante
1013 1458 1173 1529 effectum

130 1573 269 1666 operis,
292 1588 460 1664 quantum
483 1569 603 1661 culpae
627 1572 707 1638 satis
733 1589 803 1658 est,
829 1573 987 1664 perfecta
1006 1589 1113 1647 sunt,
1135 1574 1174 1641 Si

132 1692 307 1792 quiscum
324 1707 453 1770 uxore,
474 1702 647 1775 tamquam
678 1682 791 1755 aliena
820 1687 1046 1766 concumbat,
1069 1686 1175 1754 adul-

132 1821 186 1872 ter
208 1801 299 1872 est.”
345 1801 421 1869 cfr.
451 1798 579 1868 Matth.
604 1801 659 1881 V,
687 1820 741 1886 27·
784 1803 836 1868 De
864 1801 982 1869 Benef.
1005 1803 1074 1884 IV,
1101 1806 1171 1884 263

132 1920 217 2004 Vll,
241 1916 345 1989 31=’'
391 1915 429 1984 Si
450 1916 538 1982 Deos
562 1912 723 1996 imitaris,
747 1912 792 1979 da
815 1931 849 1981 et
872 1916 1012 2001 ingratis
1033 1917 1171 1983 benefi·

134 2033 240 2116 cium3
266 2054 346 2097 nam
370 2046 405 2098 et
419 2030 469 2098 sol
491 2031 601 2096 oritur
622 2026 814 2111 sceleratis3
840 2021 1008 2114 spargunt
1029 2032 1083 2096 Dii
1103 2053 1173 2120 op·

129 2145 290 2240 portunis
311 2143 483 2212 imbribus
506 2142 652 2209 terras.’'
697 2142 772 2210 cta.
797 2142 923 2209 Matth.
951 2143 1001 2222 V,
1021 2143 1066 2212 44
1089 2166 1173 2245 sqq.

133 2260 245 2352 Epist,
277 2279 316 2327 12
354 2262 506 2347 «Quem
546 2256 636 2323 mihi
661 2255 784 2339 dabis,
819 2258 879 2348 qui
913 2257 1104 2344 intelligat,
1140 2280 1175 2325 se

137 2371 293 2463 quotidie
320 2371 449 2440 mori.''
493 2369 600 2459 Epist.
630 2371 694 2440 242
739 2370 940 2460 «Quotidie
972 2368 1177 2439 ¹morimur.''

135 2465 536 2568 cfa.1coa.xv,51,
570 2483 630 2548 ubi
657 2484 781 2552 Paulus
815 2486 922 2554 dieite
958 2487 1038 2559 Καθ’
1062 2489 1181 2574 ἡμέραν

128 2605 324 2686 ’ἀποθνήσκω
368 2599 439 2667 Cfr.
461 2621 479 2665 2
500 2601 577 2664 Cor.
595 2599 664 2680 IV,
684 2620 732 2667 10.
1104 2678 1108 2685 Ι

177 2719 250 2786 Hae
271 2732 307 2782 et
337 2713 460 2781 similes
477 2714 664 2780 sententiae
684 2711 853 2797 biblicae,
877 2716 1024 2804 quaein
1049 2714 1181 2785 Seneca

117 2846 349 2907 occurrunt,
375 2829 558 2894 conferunt
576 2827 715 2918 quidem
732 2826 775 2894 ad
789 2825 1009 2918 probandam
1028 2829 1179 2899 Senecae

136 2965 173 3019 et
192 2944 291 3013 Pauli
312 2941 599 3024 familiaritatem,
621 2940 681 3009 sed
696 2940 792 3008 illam
809 2967 879 3012 non
897 2967 964 3034 per
983 2965 1017 3008 se
1044 2959 1181 3008 testan-

130 3080 196 3130 tur
229 3061 324 3148 (tp).
366 3055 510 3141 Major-is
541 3060 705 3125 momenti
735 3056 773 3124 in
801 3081 839 3126 ea
871 3082 910 3125 re
931 3057 1017 3125 mibi
1041 3054 1178 3124 videtur

134 3198 210 3245 esse
228 3169 372 3262 epistola
392 3169 436 3238 de
456 3169 677 3239 Providentia
688 3219 701 3260 ‚
714 3193 821 3263 quae,
844 3186 883 3238 ut
901 3194 1007 3262 supra
1024 3171 1180 3250 ostendi,

133 3383 346 3408 μ...-

173 3515 253 3590 (¹9)
277 3513 419 3569 Observata
438 3512 542 3581 dignum
563 3526 617 3582 eat,
644 3513 718 3583 plara
739 3513 809 3581 dieta
831 3512 895 3573 Jesu
908 3516 995 3586 ipsius
1022 3515 1131 3586 exprimi
1149 3517 1184 3573 -in

135 3605 251 3661 &necte
268 3601 371 3672 seriptis
392 3599 479 3668 ibique
498 3591 573 3652 locos
589 3600 726 3671 parallelos
746 3603 852 3660 habere.
886 3601 1093 3673 Bertholdt,
1110 3607 1186 3660 Eia-

136 3693 203 3747 leit.
222 3690 254 3745 T.
271 3688 318 3746 vl.
342 3700 434 3759 putat,
451 3688 580 3754 evartgelii
598 3688 757 3758 doctrinam,
775 3689 873 3744 vivente
891 3689 973 3744 adhue
989 3690 1071 3760 lesu,
1086 3691 1185 3748 Romae

136 3774 300 3843 innotuisse,
323 3786 350 3828 et
365 3786 466 3828 coetum
485 3773 691 3828 Christianorum
714 3776 890 3830 Romanorum
915 3778 968 3847 jam
990 3790 1053 3831 'ante
1071 3778 1186 3834 reditum

128 3864 243 3920 ¹Christi
258 3863 291 3916 etl
307 3863 392 3917 Deum
406 3859 531 3928 originem
547 3861 667 3917 habuisse
685 3864 760 3934 eique
779 3865 941 3934 potissimum
970 3866 1136 3928 σεβομένους
1150 3885 1185 3920 ax

142 3949 283 4018 gentilibus
300 3968 327 4003 se
339 3948 487 4003 associasse.
522 3947 596 4012 Quod
615 3955 638 4003 si
653 3968 740 4004 verum
761 3963 815 4019 est,
831 3951 890 4005 inde
907 3950 959 4019 itm
976 3953 1007 4006 de
1028 3953 1106 4009 dictis
1120 3954 1184 4010 lesu

138 4035 242 4109 sliquid
255 4035 288 4090 td
305 4054 379 4093 tures
396 4037 506 4092 Senecae
525 4037 657 4108 pertenire
674 4039 768 4109 potuit.
