2604 4740
567 221 725 310 (⁶5)

120 403 256 473 idonee
276 390 375 471 eausa
395 402 513 479 adest.
538 427 600 470 cur
622 402 786 470 formulae
802 404 884 499 'lotide
905 405 1030 488 μέλλων
1057 401 1167 487 sigui·

124 514 328 582 ficationem
346 517 432 583 vitae
447 515 580 583 futurae
596 519 633 583 in
654 519 761 584 altero
779 537 887 605 eoque
909 513 1044 579 meliori
1064 539 1170 579 muu-

126 624 176 693 do
188 628 427 714 transigendae
440 629 662 715 denegemus,
675 653 754 695 eum
770 629 835 694 hoe
856 628 975 714 dogma
997 629 1032 692 in
1054 625 1170 705 omni-

123 738 195 805 bus
224 739 298 807 sere
329 742 460 834 paginis
486 743 521 809 S.
541 744 576 810 S.
600 745 774 837 doceatur.
824 744 901 830 Ipse
930 740 1171 827 Lightfoo·

127 851 219 918 tius
253 854 293 918 in
317 853 436 920 Horis
461 857 575 924 Hebr.
603 868 641 920 et
669 858 793 923 sl'alm.'
808 885 843 948 p.
867 862 943 932 551.
969 850 1168 926 contendit.

126 967 165 1032 in
189 989 404 1035 communem
421 994 519 1037 usum
540 967 632 1056 apud
651 969 810 1034 Iudaicos
833 967 989 1034 ductores
1014 978 1169 1061 receptas

130 1098 200 1144 esse
222 1079 385 1168 quasdam
404 1066 674 1169 ishraseologias,
689 1078 813 1164 quibus
834 1079 1064 1146 contrairetur
1081 1075 1167 1137 irae-

134 1187 196 1253 resi
208 1188 484 1256 Sadducaeorum
499 1188 639 1256 alteram
651 1191 755 1257 vitam
767 1194 963 1278 negantium
975 1241 984 1271 ‚
999 1187 1167 1276 ajusm.·di

134 1322 199 1367 esee
220 1306 304 1424 κΞΠ
325 1272 458 1416 Diffi),
482 1306 550 1418 ῙἾΡ
573 1305 602 1413 p
625 1319 691 1368 etc.
739 1303 868 1373 Locum
902 1307 985 1370 citat
1010 1326 1054 1367 ex
1076 1297 1167 1364 Tal-

140 1435 287 1509 tnudistis
305 1443 407 1529 hujus
426 1447 634 1531 argumenti:
674 1444 764 1518 «Ad
789 1447 893 1513 finem
915 1446 1064 1519 omnium
1085 1467 1168 1513 ota·

142 1554 256 1623 tionem
282 1558 319 1621 in
347 1558 476 1645 templo
504 1556 667 1624 dixerunt
699 1530 814 1675 Εξψ
837 1566 892 1654 *ty
915 1565 952 1628 in
980 1563 1165 1639 seculum

146 1721 208 1765 eum
236 1724 318 1795 veru
351 1701 585 1788 irrumperent
618 1699 782 1768 haeretici
810 1720 844 1770 et
883 1704 1062 1781 dicerent,
1097 1727 1169 1771 nou

147 1834 202 1879 esse
227 1812 398 1881 saeculum
417 1814 483 1880 nisi
503 1837 633 1898 unum3
657 1829 819 1884 statutum
838 1831 912 1893 est,
938 1832 974 1880 ut
995 1813 1169 1879 diceretur

146 1928 319 1997 unaeculu
335 1928 372 1992 in
395 1924 617 1991 saeculum.”
661 1928 735 1994 Nee
757 1950 826 2017 non
850 1929 997 2014 Targum
1017 1927 1054 1990 in
1073 1923 1170 1991 Ruth

147 2036 191 2118 11‚·
210 2040 245 2106 15
256 2066 266 2104 s
298 2066 318 2107 tt
334 2036 515 2102 Retribuat
536 2036 602 2102 tibi
622 2027 786 2108 Dourinus
806 2042 1073 2113 retributionem,
1094 2041 1164 2103 bo'·

149 2172 210 2215 uam
228 2144 293 2242 ¹pro
310 2172 415 2250 opere
435 2164 493 2212 tuo
512 2146 605 2214 bono
623 2148 658 2212 in
681 2150 747 2218 hoc
768 2152 919 2234 mundo,
941 2168 974 2217 et
992 2152 1034 2214 sit
1060 2173 1167 2235 prae·

150 2268 233 2331 nium
249 2265 442 2361 perfeetum
456 2262 492 2327 in
512 2259 641 2327 mundo
659 2261 813 2330 futuro.''
857 2265 1167 2351 Lightfootiue

151 2376 257 2447 deinde
284 2377 406 2454 addite
445 2379 564 2495 “⁸35¹
593 2344 709 2492 Diziy
730 2375 800 2445 duo
818 2380 1005 2469 praecipue
1026 2383 1166 2447 innuite
1259 2459 1261 2463 Ι

151 2529 180 2607 1)
198 2543 346 2618 tempora
374 2523 540 2606 Messiee3
575 2519 614 2609 2)
639 2533 762 2586 statum
786 2538 866 2609 post
884 2524 1066 2589 mortem.’'
1099 2524 1168 2591 Pro

148 2637 232 2706 altera
253 2639 503 2733 significatione
520 2633 615 2706 loeus
633 2633 844 2702 Rabbinicus
867 2635 1043 2724 profertur
1064 2635 1168 2722 huius

145 2755 332 2843 argumentis
371 2748 559 2823 «Mundus
590 2747 725 2817 futurus
753 2763 825 2831 est,
860 2772 937 2817 cum
959 2753 1028 2836 jam
1064 2752 1169 2818 homo

145 2870 210 2946 exiit
228 2895 268 2943 ex
291 2871 354 2943 hcc
382 2864 548 2937 muud0.''
592 2865 692 2932 Jesus
711 2863 783 2951 ipse
816 2863 902 2930 dicit
929 2861 1054 2931 Matth.
1075 2866 1165 2959 XII,

129 2986 189 3055 'ira
225 2981 402 3076 peceatum
432 2983 468 3046 in
496 2979 665 3068 Spiritum
689 2975 853 3044 Sanctum
885 2984 938 3048 οὐκ
970 2983 1166 3065 ἀφεθήσεται

139 3102 314 3190 αύτῷ,οὔτε
332 3103 363 3173 ἐν
383 3100 479 3182 τούτῳ
498 3100 541 3180 τῷ
562 3095 746 3169 dirimire
761 3096 793 3162 ἕν
809 3099 852 3178 τῷ
870 3096 1029 3176 μέλλοντι.
1054 3094 1166 3181 Quis·

102 3264 105 3271 -
138 3244 192 3310 que
214 3214 318 3298 facile
337 3212 521 3296 intelligit,
545 3207 611 3273 h‘oc
630 3206 708 3272 loco
727 3229 797 3271 non
817 3229 1008 3274 sermonem
1030 3231 1101 3273 esse
1121 3206 1165 3273 de
1216 3217 1219 3224 '

134 3331 320 3406 oeconomia
337 3326 478 3394 Judaica
500 3338 579 3390 ante
603 3321 760 3387 Messiam
780 3336 815 3386 et
838 3319 1068 3409 subsequente
1089 3339 1162 3387 sta-
1248 3392 1251 3401 ¹

133 3467 164 3516 tu
185 3426 318 3529 mundi
333 3465 421 3508 novo
440 3463 501 3531 per
520 3432 728 3521 evangelium
748 3435 891 3526 ejusque
912 3453 1085 3507 auctorem
1102 3435 1168 3500 Je.
1224 3479 1225 3483 =

133 3589 203 3630 sum
232 3559 391 3635 Messium
424 3554 536 3634 sacto,
568 3547 629 3616 sed
663 3545 707 3614 de
733 3546 800 3615 hae
824 3550 977 3616 terrestri
1003 3547 1167 3615 etaltera

126 3682 196 3750 vita
226 3680 264 3749 in
292 3673 398 3745 altero
424 3664 555 3738 mundo
571 3659 807 3747 transigenda.
842 3665 925 3729 =Nun
955 3651 1076 3738 video,
1103 3685 1167 3730 cur

123 3821 193 3865 nen
218 3779 321 3860 etium¹
340 3789 375 3854 in
398 3783 473 3854 aliis
489 3759 576 3850 locis
594 3779 636 3844 N.
649 3779 713 3854 T..
733 3793 768 3842 et
785 3776 985 3847 nominatim
1002 3777 1167 3866 epistolae

122 3912 169 3982 ad
196 3907 390 3987 Hebraeos,
414 3918 512 3969 voces
533 3899 603 3965 eide
624 3894 748 3978 μέλλων
769 3905 803 3956 et
825 3895 984 3974 οἰκουμένη
1006 3895 1170 3975 μέλλουσαι.

850 4066 854 4074 ,
867 4008 884 4067 5
