2604 4740
416 123 660 213 ’(57)

33 304 98 377 td
126 295 297 379 Hebraeos
323 309 419 376 idem
442 320 731 417 argumentum,
752 303 780 371 si
808 327 978 399 summam
1005 330 1091 399 spo-

33 442 161 507 ntes,
175 424 302 488 endem
336 426 521 504 methodo,
548 422 678 488 iisdem
705 392 899 509 abutentit'a
929 434 965 505 et
995 410 1091 486 non·

32 559 231 624 nunquam
260 536 390 602 iisdem
422 538 536 604 uerbis
569 526 714 614 tractat,
746 531 840 622 quod
870 522 1022 608 Seneca,
1051 547 1094 598 ut

36 647 160 729 alibi,
181 652 228 713 ita
249 649 391 713 maxime
409 647 444 713 in
476 645 618 740 epistola
635 644 679 712 ad
700 647 891 732 Lucilium,
915 672 1002 741 quae
1029 649 1091 741 in·

36 763 218 831 scribitur
239 761 284 828 de
306 761 545 853 providentia,
567 776 701 828 tractat·
1016 839 1022 850 ,
1054 837 1060 849 ¹

93 876 124 943 Ι.
161 876 263 941 Idem
294 887 570 960 argumentum,
600 877 630 941 si
661 900 838 945 summurn
870 893 1024 966 spectes,
1055 858 1093 942 et

48 1014 134 1069 res,
159 1014 247 1076 quae
273 1003 436 1054 vocantur
459 986 740 1070 circumstantes,
772 1013 925 1079 quaeque
950 972 1092 1055 utrum·

47 1126 122 1192 que
145 1119 321 1168 auctorem
344 1097 391 1165 ad
411 1099 633 1167 scribendum
653 1101 893 1192 impulerunt,
914 1103 1086 1196 excipias,
1136 1099 1139 1103 ’

47 1216 88 1285 io
116 1216 167 1281 his
190 1215 283 1282 enim
302 1238 422 1298 magna
444 1228 494 1278 est
514 1213 706 1297 diversitas.

97 1321 370 1418 Argumentum
393 1327 616 1414 primarium
646 1330 809 1411 epistolae
842 1329 884 1395 ad
905 1327 1096 1419 ‹Hebraeos-

56 1445 91 1511 in
114 1469 155 1512 eo
175 1460 349 1519 versatur,
371 1458 410 1509 ut
433 1459 551 1509 auctor
569 1443 781 1510 Christianos
805 1442 1094 1530 Palaestinenses,

59 1561 116 1653 qui
131 1559 176 1625 ob
193 1556 442 1625 confessionem
458 1556 642 1642 Religionis
664 1559 878 1624 Christianae
901 1584 918 1622 a
938 1550 1093 1647 popula-

56 1673 149 1741 ribus
171 1670 334 1738 iudaicae
355 1670 542 1752 Religionis
569 1672 746 1737 tenacibus
765 1668 1091 1757 gravissimesvcxa·

63 1785 206 1859 bantur,
222 1801 257 1850 ct
280 1785 407 1874 partim
428 1783 634 1870 argumentis
654 1809 673 1848 a
691 1785 898 1872 praestantia
920 1783 1093 1870 religionis

62 1902 222 1968 Mosaicae
248 1896 428 1980 desumtis,
461 1899 589 1988 partim
616 1899 716 1965 minis
737 1915 772 1965 et
798 1896 1097 1992 persecutionibus

65 2014 101 2083 ad
118 2013 320 2109 apostasiam
338 2009 623 2104 impellebantur,
646 2011 847 2078 adhortetur
863 2010 907 2077 ad
927 1996 1093 2077 constan·

66 2130 136 2195 tiam
155 2131 192 2194 iu
219 2124 417 2195 confitenda
442 2142 477 2191 et
499 2126 689 2192 exercenda
712 2124 875 2212 religione
897 2148 971 2192 sua.v
1061 2130 1064 2135 '

10 2326 12 2333 Ι
100 2243 202 2311 Multi
225 2243 318 2312 inter
339 2237 417 2307 illos.
442 2241 516 2307 sine
540 2239 646 2308 dubio
669 2239 832 2322 fuerunt,
857 2233 917 2329 q'ui
942 2235 1088 2333 durissi-

67 2379 111 2425 ιιι
131 2356 272 2448 quaevis
293 2381 312 2420 a
332 2353 560 2445 popularibus.
577 2371 646 2420 eta
667 2355 867 2442 proceribus
884 2349 1093 2422 iudaeorum

10 2552 12 2565 Ι
53 2462 212 2564 ,ιιριιιὴ
232 2472 281 2535 ita
307 2469 626 2536 ratiocinabantur·⁵

102 2587 139 2654 Si
155 2584 288 2669 Religio
308 2582 502 2649 Christiana
518 2581 680 2649 divinitus
698 2600 792 2665 orta,
815 2599 1005 2671 auctorque
1019 2558 1098 2668 ejits

63 2701 153 2785 lesus
177 2701 239 2765 Dei
264 2696 354 2762 filius
375 2712 444 2778 est,
464 2712 500 2762 et
523 2696 724 2786 adoptando
740 2716 776 2764 et
799 2697 994 2765 exercendo
1018 2697 1093 2777 ejus

67 2810 251 2880 doctrinam
269 2804 433 2879 voluntati
452 2811 515 2876 Dei
532 2812 812 2900 obtemperaturg
835 2811 1008 2903 quomodo
1028 2809 1096 2888 fit,
1168 2846 1172 2856 f

12 2908 15 2917 .
68 2945 99 2993 ut
121 2950 202 3007 nos,
227 2924 290 3014 qui
314 2923 422 2991 fidem
442 2923 585 2992 Christo
606 2925 769 2991 habemus
793 2941 827 2989 et
854 2929 903 2991 sic
930 2927 1001 2991 Deo
1019 2922 1089 2988 oh-

66 3055 309 3128 temperamus,
333 3055 383 3104 tot
402 3036 489 3108 mala
515 3042 704 3126 patiamur,
730 3041 828 3129 quasi
862 3042 934 3106 Deo
963 3040 1089 3105 invisi?

63 3153 241 3241 Quomodo
260 3151 318 3232 fit,
341 3170 379 3216 ut
396 3151 579 3218 adversarii
597 3154 724 3232 nostri,
749 3154 878 3220 Christi
897 3151 1092 3218 doctrinam

61 3283 272 3354 respuentes,
300 3266 336 3329 in
361 3289 469 3356 eoque
498 3269 568 3332 Deo
594 3267 821 3351 immorigeri‚
852 3267 894 3330 ab
927 3264 1097 3350 ejusmodi

47 3424 55 3471 ‘,
63 3381 296 3448 vexationibus
323 3378 487 3446 immunes
509 3381 596 3455 sint,
619 3399 653 3445 et
675 3379 762 3444 laeta
787 3380 952 3446 fruantur·
975 3382 1100 3449 sorte?-

63 3497 184 3564 Noune
206 3495 272 3560 hoc
296 3493 502 3560 documento
525 3510 575 3559 est
589 3541 604 3574 „
624 3491 764 3562 asseclas
787 3493 961 3578 religionis
983 3493 1094 3560 Chri.-

63 3613 189 3683 stianae
206 3632 329 3699 parum
355 3609 425 3673 Deo
448 3629 560 3692 gratos
577 3632 668 3683 esse,
692 3625 784 3672 certe
803 3633 821 3671 a
842 3610 912 3672 Deo
935 3633 1009 3680 non,
1027 3633 1094 3677 cu·
1129 3624 1131 3628 ’

63 3725 151 3823 rari,
163 3739 199 3791 et
214 3721 335 3789 melius
349 3712 525 3788 nobisou'm
543 3739 655 3788 actum
668 3720 761 3800 fore,
779 3722 806 3784 si
826 3723 979 3788 missnin
995 3723 1095 3789 Chri-

66 3856 155 3913 sttun
174 3838 245 3907 fita
265 3833 312 3907 ads
330 3836 512 3906 Mosaicam
534 3836 731 3927 religionem
743 3880 759 3916 ,„
777 3835 873 3919 cujus
891 3837 1105 3925 praestantia
