2604 4740
648 398 831 490 (διο)

212 587 349 660 sincero
370 611 450 676 erga
474 583 683 675 §vangefium
706 603 744 662 et
768 587 913 654 Paulum
934 585 1048 653 animo
1072 560 1177 677 quam
1201 586 1258 668 ln·¹

212 706 312 793 genio
337 704 537 795 conspicui,
558 703 643 768 hinc
665 700 908 769 consuetudini
934 725 1012 769 cnm
1036 701 1169 772 Seneca
1191 728 1255 796 pa·

211 818 292 888 rum
308 817 438 888 idonei.
486 816 723 898 Timotheus,
741 842 818 884 cunr
836 806 880 884 ob
899 819 1014 884 locum
1031 806 1143 884 Hehr.
1154 810 1256 906 xm,

212 930 269 1005 23·
291 958 363 1001 non
382 935 427 998 sit
445 949 565 997 auctor
584 930 748 1020 epistolae
766 951 921 1015 nostrae,
945 928 1004 998 hic
1024 955 1095 999 non
1114 930 1154 998 in
1172 956 1256 1002 cen-

212 1071 287 1113 sum
307 1048 427 1116 venire
448 1061 575 1135 potest.
610 1046 812 1138 Tyclss‘cua,
841 1046 1126 1134 2Tim.1v‚12;
1150 1046 1255 1138 Epa·

203 1161 430 1251 phroditus,
453 1158 545 1228 Phil.
564 1159 598 1227 II
609 1208 620 1245 ,
632 1165 676 1232 25
686 1190 697 1248 3
726 1162 856 1244 Titus,
879 1182 898 1228 2
914 1154 1006 1230 Tim.
1015 1154 1083 1241 IV,
1098 1185 1161 1249 103
1185 1163 1254 1232 Li·

210 1301 299 1360 nus,
322 1273 535 1362 ssiat-IV,
559 1299 615 1346 21.
647 1275 775 1368 aliique
800 1275 944 1344 luerunt
967 1274 1112 1366 quidem
1134 1276 1255 1346 Romae

208 1387 377 1480 Paulique
408 1390 537 1478 captivi
567 1391 667 1459 amici
695 1407 731 1458 et
758 1388 954 1478 adjutoresa
986 1391 1048 1460 sed
1076 1416 1122 1460 ne
1151 1391 1254 1462 ullum

209 1502 355 1596 quidem
375 1501 546 1572 indicium
564 1505 761 1594 reperitur,
783 1529 826 1572 ex
843 1528 913 1597 quo
930 1530 998 1597 pro
1012 1507 1254 1578 consuetudine

209 1614 326 1708 aliqua
349 1640 427 1683 cum
450 1617 583 1687 Seneca
604 1615 738 1709 aliquid
759 1621 927 1714 suspicari
946 1622 1129 1709 possimus.

138 1711 141 1716 ⁴
250 1755 285 1820 7.
320 1728 420 1799 Solus
447 1733 571 1803 Lucas
604 1758 647 1802 ex
676 1731 835 1802 omnihus
868 1734 1064 1827 primaevae
1097 1736 1253 1805 eccleciae

211 1846 429 1916 Christianae
459 1847 660 1916 doctoribus
683 1849 712 1914 is
739 1871 811 1915 esse
841 1847 1000 1934 videtur,
1022 1849 1085 1939 qui
1109 1849 1252 1934 Senecae

207 1961 373 2040 Paulum,
405 1976 444 2027 ut
470 1985 575 2056 supra
604 1963 784 2038 sumsimus
811 1981 846 2031 et
869 1965 1021 2053 probare
1047 1960 1250 2043 studuimus,

208 2062 462 2168 nonnunquain
481 2076 608 2148 visenti
626 2076 844 2144 innotescere
865 2094 901 2144 et
918 2076 1041 2164 dignus
1060 2076 1176 2146 videri
1193 2101 1248 2170 po·

209 2190 302 2274 tuit,
325 2211 405 2259 cum
433 2175 503 2280 quo
531 2191 818 2259 consuetudinem
845 2190 997 2280 aliquam
1022 2191 1140 2261 aleret
1181 2191 1249 2264 Fuit

207 2304 303 2373 enim
339 2306 439 2374 Pauli
474 2306 603 2396 captivi
641 2305 797 2373 assiduus
837 2329 973 2391 comes,
1010 2324 1047 2373 et
1082 2304 1248 2376 interdum

206 2425 333 2492 unicus
359 2420 582 2501 2Tim.1v,
611 2445 675 2499 ιι,
707 2421 914 2489 Antiochiae
942 2440 1042 2519 natus
1067 2442 1104 2494 et
1129 2422 1249 2495 educa·

207 2557 286 2619 tus,
319 2555 355 2610 et
386 2538 588 2612 literarum,
614 2558 701 2628 quae
731 2535 769 2600 in
799 2536 911 2624 patria
943 2538 1031 2607 urhe
1060 2539 1249 2624 florebant,

205 2680 279 2724 nou
302 2673 450 2746 expers,
477 2649 672 2719 eruditione
694 2649 842 2739 quadam
875 2654 1101 2745 conspicuus,
1125 2656 1248 2747 qnippe

207 2769 361 2839 medicus
386 2768 477 2856 (22)
511 2761 586 2834 Col.
608 2766 678 2848 IV,
703 2765 762 2849 14,
792 2764 911 2850 (nulla
938 2768 1031 2834 enim
1054 2769 1153 2838 adest
1174 2767 1247 2837 ido·
1279 2796 1284 2803 ·

205 2909 272 2952 nea
294 2907 416 2959 causa,
451 2902 514 2945 ctu·
535 2880 665 2945 Lucam
694 2879 761 2945 hoc
793 2878 870 2947 loeo
901 2901 1201 2953 commemoratum
1222 2897 1251 2951 ct

206 3003 338 3068 Lucam
356 2992 609 3082 Evangelistam
637 2993 786 3062 eundem
816 3018 887 3063 esse
915 2999 1126 3085 negemus);
1150 3021 1248 3092 prae·

208 3103 304 3181 terea
331 3109 534 3178 dexteritate
564 3109 602 3175 in
634 3105 788 3177 dicendo
815 3128 851 3176 et
884 3110 1071 3179 scribendo
1097 3109 1252 3202 pollens,
1293 3146 1297 3207 t

206 3226 303 3322 quod
321 3228 395 3313 ejus
413 3222 639 3310 Evangelium
663 3239 699 3288 et
719 3225 808 3291 Acta
832 3241 1079 3295 contestantur.
1125 3229 1254 3333 Occur-
1295 3211 1297 3245 ¹

203 3357 290 3410 runt
314 3341 419 3408 etiam
442 3341 479 3407 in
512 3341 588 3425 ejus
617 3336 755 3426 seriptis
782 3337 976 3426 nonnulla,
1007 3365 1096 3432 qnae
1121 3341 1254 3412 Stoicae

203 3453 446 3547 philosophiae
481 3452 640 3540 dogmata
667 3449 722 3519 vel
758 3451 907 3520 Senecae
939 3437 1069 3544 scripta
1092 3448 1257 3525 delibasse

204 3596 284 3639 eum
313 3568 472 3637 indicare
498 3567 674 3634 videntur.
728 3567 769 3632 E.
793 3590 825 3652 g.
859 3568 945 3646 Lus.
968 3558 1082 3649 XVI,
1108 3595 1173 3656 ιι,
1196 3593 1257 3655 12,

205 3686 269 3751 ubi
289 3684 415 3753 vesbac
459 3686 499 3755 Ei
521 3682 570 3753 οὖν
587 3687 620 3753 ἐν
641 3685 684 3769 τῷ
704 3685 799 3770 ἀδίκῳ
822 3695 960 3774 μαμωνᾷ
980 3689 1084 3758 πιστοὶ
1102 3693 1159 3761 οὐκ
1179 3689 1256 3771 tyt·
1278 3784 1287 3813 Ι

217 3889 417 3911 m

237 3998 309 4066 (π)
333 3997 439 4052 Simeon
462 3999 651 4072 metaphrastes
673 4003 753 4055 imno
777 4001 898 4075 perhibet
917 4006 1033 4074 Lucam,
1055 4016 1199 4079 antequam
1215 4023 1259 4065 α·

203 4093 259 4138 atra
281 4084 492 4140 Christianorum
516 4099 685 4161 sequeretur,
701 4076 901 4147 artis'madieae
920 4110 998 4151 cansa
1020 4091 1049 4146 in
1072 4093 1217 4150 (intelam
1235 4105 1261 4150 et

205 4173 352 4243 Aegyptum
370 4172 513 4242 profectum
533 4193 598 4239 ease.
