2604 4740
554 411 793 498 (πο)

137 612 242 666 stram
270 594 334 662 sub
358 595 461 661 finem
485 596 689 683 captivitatis
719 591 896 676 scribens,
923 593 1034 685 quoad
1055 598 1179 689 stylum

21 687 25 696 .
135 730 170 781 et
186 710 328 800 phrases
341 709 524 776 nonnullas
539 725 572 776 et
584 708 712 776 citandi
729 708 910 792 formulas,
929 711 1104 799 φιλωνίζειν
1121 713 1176 777 vi.

133 826 285 896 deatur?
306 825 347 893 lu
367 821 518 916 epistolis
537 839 614 888 ante
636 823 865 915 captivitatem
881 826 1066 896 Romanam
1083 829 1172 893 sori.

130 939 203 1031 ptis
219 940 287 1009 hoc
305 961 376 1007 nou
397 938 512 1033 potuit
532 936 629 1019 lieri,
653 937 747 1030 quod
771 936 893 1006 Paulus
911 936 1065 1006 Philonis
1085 941 1172 1005 sori-

127 1068 189 1144 pta
211 1053 265 1123 rel
285 1051 443 1123 nondum
469 1067 693 1140 cognoverat,
715 1051 794 1135 rel,
816 1054 845 1118 si
866 1070 1070 1139 cognoverat
1092 1056 1173 1143 (2),

126 1168 271 1255 negotiis
286 1154 491 1259 'apostolicis
520 1165 691 1233 distentus
722 1165 878 1232 lectitare
901 1153 972 1232 non
1000 1184 1171 1261 potuerat.

123 1280 232 1372 Quod
255 1283 379 1350 attinet
398 1283 442 1348 ad
460 1279 621 1372 epistolas
638 1281 731 1353 inter
754 1280 983 1369 captivitatem
1006 1281 1171 1372 scriptas,

122 1418 250 1488 parum
276 1395 473 1464 Philoniani
492 1399 530 1462 in
552 1395 594 1462 iis
619 1397 821 1489 reperitur,
842 1393 896 1464 rel
915 1394 960 1460 ob
981 1391 1173 1480 argumenti

121 1511 293 1580 rationem
312 1526 449 1577 nostrae
464 1507 626 1598 epistolae
641 1510 746 1603 plane
763 1506 982 1593 dissimilem,
994 1508 1057 1578 'vel
1078 1510 1171 1602 quod

124 1639 245 1692 auctor
265 1641 357 1706 tum,
377 1646 457 1690 eum
470 1645 525 1689 eas
535 1624 723 1708 scriberet,
746 1621 894 1691 lectione
912 1623 1066 1691 Philonia
1078 1627 1170 1693 scri·

123 1754 265 1829 ptorum
276 1736 433 1804 nondum
450 1739 530 1803 satis
539 1739 691 1805 imbutus
699 1753 784 1804 erat.
801 1739 903 1826 =Beue
919 1756 1037 1806 monet
1055 1741 1112 1807 Βὸ
1125 1741 1169 1807 h·

124 1874 191 1920 me
212 1849 324 1917 Praei.
336 1866 385 1917 xa
414 1881 432 1922 e
451 1850 726 1919 Alexandrinum
744 1851 876 1942 aliquid
889 1854 925 1918 in
938 1876 1064 1938 genere
1080 1859 1168 1924 scri-

123 1962 235 2031 luendi
246 1962 511 2052 deprehendere
531 1966 599 2031 sibi
620 1967 683 2032 visi
706 1982 786 2031 sunt
805 1968 1015 2054 interpretes
1033 1970 1073 2035 in
1090 1971 1169 2062 epi·

124 2078 212 2147 stola
234 2078 279 2145 ad
299 2077 488 2147 Hebraeos.
533 2078 598 2146 Cui
620 2082 809 2146 sententiae
834 2096 873 2146 ut
893 2079 1040 2148 nolimus
1059 2104 1169 2171 repa·
1211 2100 1213 2107 '

124 2215 253 2282 gnare,
285 2190 405 2260 saltem
439 2216 514 2260 eam
543 2217 614 2261 uon
653 2210 788 2260 tantum
821 2193 934 2261 valere
971 2217 1169 2282 censemus,

127 2321 298 2398 quantum
317 2331 336 2372 a
359 2305 535 2372 nonnullis
552 2323 709 2399 putatum
726 2307 1048 2391 animadvertimus,
1070 2327 1109 2376 ut
1128 2313 1169 2378 de

15 2512 18 2518 Ι
50 2490 52 2496 ,
125 2415 240 2510 patria
263 2419 318 2488 vel
336 2422 483 2497 auctoris
505 2421 560 2490 rel
580 2422 748 2490 lectorum
767 2439 863 2491 certo
880 2423 965 2490 iude
985 2425 1094 2514 possis
1109 2427 1167 2512 ju·

127 2532 258 2602 dicare.
308 2536 429 2626 Neque
457 2557 538 2603 vero
568 2553 725 2603 nostrum
752 2537 865 2625 ipsum
896 2560 938 2602 ex
962 2536 1172 2606 Alexandria

72 2698 77 2708 .
125 2647 314 2716 oriundum
326 2671 416 2734 esse,
429 2667 614 2741 propterea
625 2673 764 2718 censere
776 2652 945 2737 cogimur,
958 2652 1051 2741 quod
1065 2653 1170 2721 multa

125 2761 233 2830 habet
254 2799 295 2816 -
316 2761 456 2831 Philoni
477 2764 714 2833 Alexandrino
734 2767 895 2854 propria,
918 2765 947 2830 si
968 2768 1168 2852 cogitemus,

127 2879 238 2949 libros
248 2876 404 2945 Philonis
419 2878 461 2944 ab
482 2901 523 2944 eo
534 2895 631 2945 extra
642 2876 886 2947 Alexandriam
898 2877 963 2964 legi
978 2882 1168 2966 potuisse.”

117 2994 120 3001 ’
171 2994 215 3060 Iu
236 2991 432 3058 universum
451 3016 470 3056 a
490 2991 605 3058 multis
626 3010 761 3059 nostrae
782 2993 897 3058 aetatis
921 2991 1084 3081 theologis
1112 2997 1169 3061 ni·

129 3110 237 3179 mium
255 3104 420 3171 momenti
438 3105 475 3171 iu
487 3105 749 3196 interpretando
763 3103 806 3170 N.
818 3105 861 3170 T.
876 3123 911 3172 et
930 3110 1171 3178 constituenda

129 3219 289 3289 doctrina
312 3217 496 3309 apostolica
518 3220 683 3287 tribuitur
704 3218 863 3302 Philoni,
886 3222 1017 3314 quippe
1038 3222 1171 3291 homini

128 3333 310 3404 literarum
329 3333 574 3400 Hebraiearum
590 3335 710 3418 ignaro
733 3350 768 3398 et
789 3360 807 3399 a
823 3334 1041 3424 simplicitate
1061 3361 1170 3407 evau-

126 3448 237 3538 gelioa
257 3469 400 3537 prorsus
423 3445 545 3515 alieno.
589 3444 665 3513 efr.
689 3445 874 3528 Theile,
899 3449 1069 3519 Gloriatur
1099 3457 1175 3525 und

131 3627 328 3650 m

166 3733 230 3804 (a)
255 3732 376 3789 Fortasse
391 3751 438 3804 per
450 3733 614 3805 Apollonium
630 3732 846 3793 Alexandrinum.¹
873 3736 981 3793 Constat
995 3740 1091 3810 etiam,
1109 3741 1177 3800 Phi.

132 3819 219 3878 leuem
238 3819 427 3891 Hierosolymis
454 3823 551 3892 luisse,
576 3833 605 3874 ut
631 3821 735 3873 nomine
762 3821 921 3878 ludaeorum
943 3829 1128 3896 Aegyptiorum
1148 3834 1177 3888 in

131 3906 230 3977 templo
252 3907 379 3963 sacrificia
400 3908 523 3980 offerret,
550 3909 617 3980 (eir.
636 3908 789 3962 Kuinoel
808 3911 839 3962 ad
856 3911 936 3970 Helu.
955 3911 1004 3980 1¹,
1023 3916 1060 3985 7)
1085 3917 1177 3990 ilsiqoe

133 3996 230 4066 scripta
248 4015 294 4054 sua
311 4014 369 4052 oum
386 3996 537 4056 doctoribus
554 3997 711 4052 ludaeorum
728 3999 932 4070 communicandi
948 4003 1109 4060 occasionem
1123 4008 1180 4062 ha.

68 4120 71 4126 ·
128 4084 223 4147 bulmo
