2604 4740
562 306 817 483 (¹95),

131 570 199 650 rit,
231 587 437 658 quamquam
469 585 540 630 nou
575 582 674 630 antea
701 564 857 649 dixerat,
888 586 975 631 eum.
996 561 1175 636 absentem

129 706 212 751 esse.

138 780 142 786 ι
172 793 330 884 Denique
358 755 498 858 historia
524 791 626 858 etiam
653 791 782 878 flagitat
808 782 1094 879 significationem
1117 789 1172 857 ἅὶ·

130 910 285 999 mineus,
304 923 338 972 et
357 906 491 997 respuit
507 906 650 973 alteram
663 901 837 975 liberatus
856 903 1061 973 avinculis.
1087 903 1171 971 Nam

58 1011 61 1027 ⁸
129 1022 167 1086 in
196 1018 292 1089 Actis
321 1035 355 1084 et
390 1019 427 1085 in
458 1016 620 1109 Epistolis
652 1015 741 1107 (14)
772 1036 807 1086 et
843 1012 1000 1084 Patribus
1028 1033 1169 1105 aposto·

127 1116 202 1201 licis
234 1157 278 1200 ne
309 1130 485 1217 vestigium
516 1131 657 1222 quidem
685 1129 963 1224 incarcerationis
998 1122 1170 1197 Timothei

127 1244 311 1336 reperitur.
355 1239 436 1312 Fuit
458 1246 602 1338 quidem
624 1245 717 1337 apud
740 1245 882 1313 Paulum
901 1242 1027 1313 Romae
1052 1242 1167 1335 capti·

128 1385 232 1445 vum,
254 1363 344 1427 sicut
373 1383 415 1427 cx
444 1355 605 1452 Epistolis
633 1356 783 1449 Paulinis
809 1360 934 1428 Romae
958 1357 1097 1448 scriptis
1124 1354 1168 1423 ad

125 1469 387 1566 Philippenses,
412 1472 647 1557 Colossentes,
670 1471 903 1541 Philemonem
923 1463 1041 1540 videre
1063 1463 1167 1556 licet,

125 1589 187 1656 sed
207 1583 363 1677 nuspiam
380 1587 596 1655 vinculorum
617 1584 690 1673 ejus
711 1583 751 1656 lit
766 1587 906 1655 mentio.
950 1584 1168 1671 Aristarchus

120 1696 377 1785 ‘Col.1V,1o,
413 1700 593 1793 Epaphras
625 1699 767 1770 Philam.
790 1703 853 1783 23,
884 1699 928 1766 ob
960 1698 1170 1789 evangelium

123 1806 232 1884 tincti
256 1824 563 1883 commemorantur
593 1832 628 1884 et
650 1811 853 1893 laudantur,
879 1837 1068 1905 numquam
1091 1837 1169 1883 vero

127 1921 354 2011 Timotheus,
379 1947 587 2021 quamquam
606 1923 835 2018 maximopere
855 1954 873 1994 a
890 1928 995 1997 Paulo
1009 1929 1168 1999 laudatur

126 2023 162 2110 et
181 2042 332 2130 Ξσδψυχος
351 2043 496 2112 alterum
518 2069 579 2131 ego
600 2035 752 2128 dicitur,
776 2039 867 2111 Phil.
884 2044 940 2128 ll,
964 2043 1115 2134 19-24.

168 2154 242 2223 Jam
265 2158 294 2222 si
315 2152 472 2225 dimissus
495 2165 547 2224 es‘t
570 2151 770 2224 Timotheus
795 2156 838 2222 ab
867 2174 1005 2250 auctore
1032 2167 1168 2226 nostrae

117 2252 288 2358 epistolae
307 2272 443 2358 captivo
459 2270 503 2337 ad
519 2269 653 2367 negotia
671 2267 839 2360 quaedam
854 2270 1025 2347 curanda,
1041 2296 1166 2362 quem·

124 2407 206 2450 nam
224 2383 331 2452 'alium
353 2401 487 2452 nostrae
507 2371 670 2473 epistulae
697 2400 870 2454 auctorem
893 2409 935 2453 ex
956 2382 1098 2453 historia
1117 2380 1165 2452 il·

122 2486 189 2565 lius
213 2495 375 2590 temporis
402 2499 549 2584 cogitare
573 2520 749 2584 possumus
774 2522 875 2587 quam
892 2491 1054 2579 Paulum,
1071 2502 1165 2587 cujus

124 2600 279 2677 assiduus
301 2634 411 2680 eomes
433 2611 499 2679 fuit
520 2605 742 2691 Timotheus,
763 2625 799 2677 et
823 2610 906 2699 qui,
924 2636 1002 2679 cum
1022 2590 1165 2681 viriculis

123 2745 195 2792 non
230 2722 469 2808 detineretur,
506 2723 550 2793 ad
584 2726 717 2813 negotia
751 2722 919 2814 quaedam
954 2720 1163 2815 evangelium

123 2837 314 2926 spectantia
333 2839 397 2906 rite
419 2834 569 2906 curanda
596 2838 686 2906 mitti
712 2841 849 2934 potuit?
892 2839 984 2906 Etsi
1003 2838 1070 2909 hoc
1092 2856 1163 2924 est,

124 2970 307 3041 quemnam
327 2953 430 3021 alium
452 2953 578 3033 locum,
603 2949 664 3020 uhi
686 2947 836 3020 reditum
854 2952 1027 3020 Timothei
1045 2965 1163 3021 auctor

121 3082 240 3135 noster
261 3068 485 3158 praestolatus
503 3084 577 3151 est,
601 3090 703 3156 quam
720 3060 859 3134 Romam
878 3068 1056 3136 nomina're
1078 3091 1164 3158 pos·¹

123 3201 256 3260 suanus,
278 3203 358 3268 ergo
374 3185 474 3253 etiam
491 3202 672 3274 quemnam
688 3161 792 3248 aliurn
808 3178 940 3267 locum,
957 3179 1019 3287 uhi
1034 3182 1163 3283 scripta

121 3396 346 3427 *hm

159 3540 534 3619 (at)1uuoaouurlumiu
551 3542 676 3622 Epistolis
690 3540 816 3608 inunitae·
840 3550 880 3607 ld
897 3539 965 3609 Phil.
983 3569 1018 3608 vs.
1028 3572 1051 3609 1.
1070 3541 1163 3609 θιὼ

125 3643 152 3684 ee
166 3644 241 3691 vocat
254 3636 381 3710 δέσμιον,
395 3651 421 3693 et
430 3637 612 3704 Timotheum,
625 3640 669 3709 qui
683 3650 737 3694 tum
751 3640 874 3710 temporie
888 3641 954 3710 apud
970 3641 1080 3695 Paulum
1092 3650 1162 3705 eret,

122 3720 251 3782 “5⁰20st
286 3725 375 3780 Nonne
394 3722 540 3796 apostolus,
555 3724 733 3779 Philemonem
749 3743 796 3779 tuo
808 3738 835 3780 et
850 3726 983 3782 Timothei
999 3729 1105 3782 nomine
1122 3746 1167 3782 aaa

122 3805 224 3878 lutam,
240 3810 406 3867 Timotheum
425 3813 647 3880 συναιχμάλυτον
659 3825 790 3881 vocasset,
806 3814 875 3869 sient
899 3813 1047 3884 Epaphum
1070 3831 1106 3871 ve.
1123 3816 1165 3870 ιδ.

123 3906 214 3966 vocat,
231 3901 254 3952 si
270 3900 422 3955 Timotheus
438 3901 552 3970 captivus
570 3900 681 3956 luisset?
707 3900 742 3954 Et
760 3902 787 3954 in
804 3901 920 3971 Epistola
936 3900 969 3954 ad
985 3900 1101 3970 Thilipp·
1118 3899 1164 3968 ll,

122 3980 164 4036 23.
183 3983 277 4039 Paulus
293 3986 323 4037 de
341 3986 478 4042 Timotheo
494 3985 625 4056 loquitur,
642 3998 772 4057 tamquam
783 3989 906 4061 homine,
920 3989 964 4060 qui
978 3989 1019 4043 sui
1031 3987 1098 4058 juris
1110 3996 1164 4055 eet,

122 4073 148 4120 et
165 4067 209 4138 qui
226 4089 272 4140 pro
289 4073 373 4129 lehitn
391 4077 429 4128 ire
446 4086 474 4130 et
489 4072 616 4146 prolicieei
631 4086 725 4145 potest·
990 4076 994 4083 ⁴
1176 4064 1181 4073 ’
