2604 4740
557 105 742 195 (ιον)

129 295 280 377 mutim
298 291 539 388 perpendet-eg
562 303 682 358 auctor
698 289 738 360 in
759 310 803 360 eo
819 286 888 358 tibi
900 289 1074 366 dittimilis
1091 311 1162 384 est,

126 410 208 482 alias
231 409 272 476 in
293 405 449 492 dogmate
473 401 518 471 de
545 404 735 470 animorum
761 401 1012 473 immortalitate
1041 405 1167 474 dubins

127 520 274 600 haeret,
296 517 362 588 hoc
383 514 460 582 loco
482 535 563 580 vero
581 513 625 580 de
643 540 682 582 ea
703 513 906 589 certissimus
925 537 995 582 esse
1009 517 1166 604 videtur,

128 655 272 723 eamque
295 627 546 697 accommodate
564 629 607 695 ad
626 628 722 694 Pauli
739 627 931 696 doctrinam
950 629 1063 697 docet.
1098 637 1168 709 Aut
1238 696 1241 702 ,

130 744 337 837 interpolata
358 761 410 810 est
433 744 518 810 haec
544 743 687 834 epistola
706 745 877 823 Senecae,
898 762 956 812 aut
974 747 1103 841 scripta
1123 753 1166 819 ab

129 885 192 952 co,
224 885 304 930 cum
331 859 488 946 dogmata
518 857 795 940 Christianorum
824 860 1035 949 cognovisset
1061 881 1097 939 et
1120 863 1165 937 ad

130 992 264 1080 tempus
283 973 509 1083 approbasset
531 975 631 1070 (55).

480 1176 602 1278 Caput
622 1173 814 1251 decimum.¹

168 1347 227 1422 Ad
256 1373 308 1422 vt.
326 1349 366 1419 32
388 1370 469 1440 sqq.
493 1347 624 1416 Auctor
645 1346 833 1441 alloquitur
854 1346 1064 1418 Christianos
1088 1351 1163 1420 He·

129 1465 270 1535 bracost
302 1469 419 1543 πολλὴν
444 1469 573 1546 ἄθλησιν
601 1467 789 1550 irsprlvasa
814 1467 1005 1548 recrearer
1035 1502 1079 1517 -·
1109 1471 1166 1548 rit

128 1583 274 1668 deterior
289 1589 349 1649 τῶν
371 1579 570 1664 ὑπαρχόντων
591 1581 673 1661 ὑμῶν
694 1585 906 1666 μετᾶχκρῖις
925 1583 1164 1666 προςεδὲξοισθε,

130 1700 329 1780 γινώσκοντες
355 1694 439 1778 ἔχειν
461 1697 492 1763 ἔν
512 1697 631 1771 ἑαυτοῖς
651 1696 810 1779 κρείττονα
832 1693 960 1781 ὕπαρξιν
980 1700 1012 1765 ἐν
1032 1702 1165 1781 οὐρανοῖς

129 1811 181 1881 tal
200 1811 364 1894 μένουσαν.
384 1844 428 1859 -·
448 1806 579 1874 Similia
595 1806 755 1892 leguntur
779 1807 817 1872 in
837 1808 968 1875 Seneca
985 1807 1029 1875 de
1050 1810 1168 1878 Provi-

127 1921 266 2006 dentia,
289 1938 328 1987 ut
346 1923 416 2007 jam
431 1944 534 2007 supra
550 1920 688 1988 monui:
712 1949 730 1990 r<
748 1921 916 1991 Verberat
934 1945 996 1990 nos
1013 1939 1048 1992 et
1066 1923 1164 1990 lace·

125 2053 179 2104 rat
200 2035 340 2103 fortuna
362 2037 517 2119 (Deus)i
548 2035 626 2101 Non
645 2049 697 2099 est
720 2036 877 2115 saevitia,
902 2050 1083 2104 certamen
1100 2053 1165 2107 cst.

126 2151 224 2242 Opus
244 2165 296 2215 cst
314 2147 358 2215 ad
376 2147 533 2214 notitiam
556 2149 606 2214 sni
622 2147 869 2234 experimento.
882 2150 906 2182 '’
938 2152 979 2218 C.
994 2153 1053 2223 VI.
1073 2153 1166 2221 Deus

121 2263 269 2354 loquens
283 2261 516 2329 introducitur
529 2261 572 2327 ad
592 2262 700 2328 bonos
715 2260 802 2330 dura
813 2265 1001 2353 patientem
1027 2297 1046 2337 <r
1064 2265 1163 2356 Quid

122 2378 277 2461 habetis,
301 2376 395 2468 quod
420 2375 463 2445 de
483 2400 534 2445 me
557 2377 656 2469 queri
668 2377 811 2466 possetis
826 2402 905 2460 vos,
928 2379 1052 2468 quibus
1070 2401 1166 2450 recta

123 2491 342 2586 placuerunt.
377 2490 460 2575 Isti,
484 2514 568 2580 quos
584 2515 649 2580 pro
666 2490 823 2558 felicibus
841 2494 1013 2580 aspicitis,
1038 2496 1163 2586 (intus)

121 2624 204 2677 snut
217 2603 370 2689 sordidi,
394 2623 536 2692 turpes,
558 2603 603 2670 ad
617 2604 878 2676 similitudinem
893 2608 1062 2697 parietum
1078 2632 1164 2676 suo·

120 2747 202 2792 rum
222 2721 430 2787 extrinsecus
451 2719 545 2786 culti.
588 2719 666 2786 Non
692 2736 743 2786 est
763 2722 828 2788 ista
849 2721 957 2788 solida
976 2740 1011 2792 ct
1028 2724 1164 2799 sincera

120 2835 290 2913 felicitas,
324 2850 438 2901 crusta
463 2850 515 2900 est
540 2850 574 2900 et
599 2831 740 2924 quidem
761 2837 886 2902 tenuis.
941 2837 1048 2907 Vobis
1079 2838 1163 2908 dedi

119 2951 214 3020 bona
236 2963 360 3032 certa,
390 2973 583 3032 mansura,
617 2949 871 3038 quantomagis
894 2953 1103 3022 versaveritis
1128 2969 1165 3020 et

119 3064 279 3156 undique
304 3062 521 3152 inspexeritis
543 3064 692 3130 meliora
720 3065 935 3153 majoraque.
987 3069 1065 3134 Nou
1087 3067 1160 3134 sul-

119 3180 210 3268 gctis
228 3177 434 3244 intrinsecus
449 3206 461 3263 3
484 3179 575 3244 bona
596 3196 707 3245 vestra
723 3178 890 3246 introrsus
909 3181 1051 3247 obversa
1069 3196 1161 3250 sunt.

123 3297 225 3363 Intus
246 3315 344 3362 omne
366 3293 461 3382 posui
485 3295 634 3360 bonum:
659 3317 731 3361 non
748 3316 845 3379 egere
865 3292 1047 3376 felicitate,
1075 3294 1160 3364 fcli-

126 3407 210 3476 citas
230 3424 343 3475 vestra
362 3424 424 3476 est.
468 3409 568 3476 Ferte
590 3408 747 3496 (igitur)
770 3407 927 3493 fortiter,
949 3426 1013 3476 cet.
1029 3409 1054 3460 ’²

127 3582 342 3604 μ

160 3690 221 3762 (55)
240 3689 279 3746 tt
298 3698 415 3761 tenpus,
432 3689 551 3763 inquam,
569 3691 731 3762 approbavit.
764 3691 948 3747 Dubitationet
961 3691 1044 3749 denuo
1057 3707 1161 3751 esorue

121 3778 317 3924 ἱπάυὲυέῗῖἓὶῑ
336 3779 364 3833 in
381 3777 472 3834 hecra
489 3778 580 3836 dubius
599 3791 627 3836 et
643 3781 744 3836 Stoicae
762 3777 942 3850 philosophiae
956 3780 1071 3837 addictus
1084 3795 1163 3854 nsque
