2604 4740
571 414 750 506 (129)

128 597 285 669 immissis
308 614 482 690 tamquam
511 598 647 671 virtutis
677 595 880 688 probandae
902 612 938 665 et
963 601 1176 671 exercendae

128 711 443 796 occasionibus,de
464 712 534 783 riti
556 711 811 780 accommodate
833 710 876 778 ad
888 711 952 781 Dei
964 711 1176 787 voluntatem

127 845 163 897 et
189 827 234 895 nd
261 826 447 894 honestetis
477 825 607 914 regulas
637 825 875 917 componenda
903 826 941 891 in
975 831 1174 901 universum

127 931 312 1014 referende
333 957 445 1024 esset3
471 941 585 1008 nullus
608 965 670 1027 ego
690 940 905 1022 dubitarem,
929 937 1023 1008 illam
1049 968 1176 1014 conve-

124 1057 293 1127 nientiam
320 1076 386 1146 pro
405 1053 548 1129 fortuita
564 1069 600 1124 et
617 1054 775 1124 omnihus
798 1052 984 1146 sapientiae
1002 1058 1172 1144 magistris

123 1169 299 1241 communi
321 1167 463 1236 habere.

167 1285 390 1376 Quamquam
414 1277 537 1348 velita
564 1280 682 1372 quaeri
706 1282 833 1370 possit,
860 1306 923 1348 cur
947 1308 1019 1352 non
1047 1286 1169 1355 eadem

124 1398 388 1480 convenientia,
412 1418 499 1486 quae
521 1393 615 1460 inter
633 1395 813 1483 epistolam
836 1397 880 1463 nd
905 1394 1076 1467 Hebraeos
1097 1399 1167 1468 im-

121 1539 178 1585 rno
202 1514 306 1584 etiarn
324 1513 417 1578 inter
438 1506 519 1576 alias
547 1504 708 1601 epistolas
726 1508 822 1578 Pauli
844 1527 889 1584 et
904 1510 1053 1582 Senecae
1073 1516 1167 1581 seri-

123 1645 186 1720 pta
212 1641 329 1711 extat,
360 1625 399 1692 in
421 1621 494 1690 eliis
517 1621 736 1691 ethnicorum
765 1623 1051 1715 philosophorum
1075 1628 1167 1694 sori·

125 1742 195 1831 ptis
212 1739 436 1831 reperiatur?
482 1739 555 1806 Cur
578 1736 708 1805 nonin
732 1737 883 1806 Platonis
908 1737 1169 1829 dialogis,Me·

126 1851 349 1927 notabilibus
369 1851 541 1938 Socratis,
563 1851 600 1916 in
619 1851 725 1939 ipsius
747 1852 901 1939 Epicteti
920 1854 1117 1924 enchiridio
1132 1872 1169 1924 et

129 1967 295 2036 Antonini
320 1964 418 2033 libris
437 1962 481 2030 ad
502 1987 538 2032 se
559 1966 694 2053 ipsum,
717 1987 867 2055 quorum
889 1983 1057 2059 uterque,
1078 1970 1169 2039 sicut

130 2079 274 2166 Seneca,
296 2094 412 2171 partes
438 2079 631 2147 Stoicorum
653 2094 789 2147 secutus
812 2084 890 2150 est?
986 2148 989 2154 ,

174 2186 304 2265 Extant
326 2191 465 2282 quidem
489 2190 655 2261 nonnulla
677 2194 715 2260 in
738 2192 792 2260 his
819 2193 980 2287 scriptis,
1002 2194 1167 2263 nomina-

132 2307 186 2389 tim
212 2312 250 2378 in
281 2308 435 2401 Epicteti
466 2306 661 2376 enchiridio
678 2325 719 2383 <et
742 2284 883 2375 Arriani
913 2308 1100 2400 Epicteteis
1130 2327 1169 2378 et
1264 2382 1266 2387 ,

132 2423 292 2508 Antonini
317 2422 436 2501 libris,
470 2445 555 2513 quae
582 2445 660 2489 cum
683 2422 894 2515 quibusdam
914 2419 1000 2490 locis
1029 2439 1167 2494 nostrae

132 2535 285 2628 epistolae
315 2536 466 2606 conferri
498 2554 642 2630 possunt
672 2551 709 2606 et
741 2560 828 2628 quae
850 2524 889 2604 in
915 2537 1027 2626 eapite
1055 2539 1168 2631 priori

132 2653 249 2736 passini
262 2653 392 2720 notaui.
436 2648 506 2719 Sed
529 2675 569 2719 ea
587 2651 772 2719 reserenda
788 2649 931 2718 suntad
952 2665 1166 2722 communem

131 2760 274 2851 iontem,
297 2788 339 2831 ex
372 2785 442 2856 quo
474 2787 590 2833 omnes
610 2763 718 2834 Stoici
739 2762 952 2858 antiquitatis
978 2763 1164 2855 scriptores
1271 2847 1273 2850 Ι

132 2873 307 2953 hauserunt
338 2880 406 2957 ita,
431 2896 488 2962 ut,
510 2878 539 2944 si
561 2876 653 2946 inter
683 2877 834 2948 Senecae
857 2880 990 2969 scripta
1017 2896 1052 2947 et
1075 2882 1161 2969 epi·

133 2989 240 3063 stolam
279 2991 324 3063 ad
358 2995 531 3060 Hebraeos
567 2993 805 3062 convenientia
842 2992 1011 3084 quaedam
1047 3011 1164 3080 extat,

135 3123 195 3187 ,tem
220 3109 265 3179 ob
292 3132 426 3178 causam
446 3108 549 3175 etiam
572 3107 810 3200 convenientia
828 3107 943 3198 alique
966 3109 1059 3175 inter
1081 3109 1162 3200 epi-

135 3202 241 3292 stolam
257 3240 412 3292 nostram
434 3238 468 3291 et
486 3238 636 3291 caeteros
659 3222 793 3290 Stoicae
814 3218 1053 3313 philosophiae
1072 3223 1164 3290 scri-

136 3347 237 3416 ptores
270 3338 517 3428 conspiciatur
536 3359 673 3403 necesse
701 3335 758 3402 sit.
803 3334 895 3402 Haec
916 3359 998 3404 vero
1030 3360 1163 3404 conve-

78 3526 80 3533 ,
136 3445 250 3537 pientia
272 3475 342 3520 non
365 3469 416 3521 est
438 3454 545 3528 tanti,
574 3466 613 3518 ut
631 3448 705 3533 illi,
730 3474 817 3543 quae
842 3465 893 3515 est
911 3450 1004 3518 inter
1030 3451 1163 3540 episto·

135 3552 188 3637 itm
208 3583 358 3635 nostram
382 3583 417 3636 et
437 3567 590 3636 Senecae
608 3565 736 3660 scripta
762 3561 947 3646 nonnulla,
970 3564 1042 3631 ullo
1059 3563 1163 3631 modo

82 3717 87 3726 ·
139 3682 335 3785 aequiparari
360 3655 478 3776 poss-it.
524 3682 561 3750 Si
580 3681 616 3746 in
635 3677 854 3746 antecedenti
879 3679 992 3767 capite
1014 3676 1164 3745 subinde

139 3795 303 3861 ronnutlas
321 3819 420 3863 voces
443 3794 605 3885 epistolae
625 3795 669 3860 ad
693 3795 865 3876 Hebraeos
890 3816 965 3858 cum
989 3793 1049 3872 iis,
1075 3816 1162 3884 quae

138 3889 165 3961 in
183 3903 328 3999 Epicteti
353 3909 548 3975 enchiridio
570 3908 622 3975 vel
654 3908 794 3976 Arriani
814 3907 1001 3996 Epicteteis
1021 3925 1055 3973 et
1081 3907 1162 3974 An-

140 4019 231 4089 ¹.⁰nini
252 4021 349 4091 libris
368 4039 578 4101 occurrunt,
600 4021 792 4112 comparavi
817 4037 851 4086 et
874 4017 957 4084 inde
987 4018 1162 4109 explicare
1231 4024 1234 4030 ’

78 4172 81 4265 p
141 4134 260 4225 ttudni5
295 4139 362 4206 hoc
396 4162 466 4206 non
496 4136 574 4208 ideo
605 4136 693 4220 saei,
732 4134 827 4224 quasi
860 4135 1055 4201 commercii
1079 4133 1165 4225 quid

78 4278 82 4403 t
636 4241 644 4273 ’
857 4247 877 4310 ⁹
