2604 4740
573 355 753 444 (²24)

131 544 218 612 iram
250 540 364 608 denuo
393 538 565 606 concitare
603 553 756 626 possent.
816 539 960 610 Tribuit
984 542 1021 610 in
1052 567 1093 612 ea
1119 570 1188 617 non

134 682 258 751 parum
279 655 383 748 pretii
411 654 535 720 ritibus
564 667 599 719 et
630 649 808 719 sacrificiis
833 653 870 720 in
900 658 1030 747 templo
1057 659 1185 729 Hiero·

139 773 342 863 solymitano
359 768 478 858 peragi
494 765 623 848 solitis,
650 764 753 832 docet
770 787 875 850 vero,
900 773 1015 838 omnia
1036 774 1101 841 ista
1123 776 1187 862 iis,

139 909 227 979 quae
248 885 285 948 in
305 882 469 968 religione
486 878 681 946 Christiana
701 879 800 953 uobis
813 881 1065 966 exhibeantur,
1087 888 1183 956 mul-

135 1019 208 1066 tum
223 998 400 1087 superari,
424 994 626 1082 religionem
641 993 873 1074 Christianam
887 1021 958 1066 esse
972 1001 1069 1091 quasi
1085 1025 1180 1071 com·

132 1114 346 1211 plementnm
359 1109 531 1196 religionis
553 1108 723 1175 Moesicae
735 1130 747 1193 3
771 1109 809 1176 in
834 1110 933 1178 libris
955 1115 999 1186 V.
1019 1115 1065 1180 Τ.
1093 1140 1182 1206 pro-

137 1228 285 1324 pheticis
311 1223 426 1293 multis
455 1239 534 1289 ente
564 1221 705 1289 sacculis
736 1225 964 1313 promissum,
998 1244 1036 1295 et
1062 1252 1183 1300 novam

135 1326 387 1425 oeconomiam,
410 1337 521 1429 quoad
542 1354 715 1413 auctorem
738 1354 772 1403 et
795 1339 979 1407 efficaciam
1002 1341 1039 1409 in
1063 1344 1183 1413 animis

134 1456 315 1523 hominum
330 1451 552 1522 emendandis
566 1470 601 1517 et
614 1450 829 1519 consolandis
842 1470 877 1519 et
892 1451 1055 1540 salutem,
1078 1483 1181 1549 quam

134 1571 235 1639 nobis
255 1568 453 1660 impertiat,
488 1566 639 1634 Mosaica
667 1568 864 1634 oeconomia
893 1565 994 1656 longe
1021 1573 1180 1663 superio·

24 1771 26 1775 Ι
129 1710 206 1753 rem
224 1707 307 1750 esse.

178 1785 342 1880 Caetera,
366 1820 452 1888 quae
475 1811 668 1889 suspectam
683 1795 861 1865 Paulinam
882 1798 1048 1886 epistolae
1072 1804 1176 1892 origi·

134 1890 216 1982 nem
230 1908 377 1980 reddere
395 1928 561 2003 possunt,
584 1910 826 1997 levioraaunt,
847 1928 883 1979 et
899 1914 970 2000 jam
986 1915 1089 1984 initio
1107 1917 1175 1985 lau·

133 2032 188 2119 jus
210 2027 293 2094 libri
315 2021 505 2111 dijudicata
528 2028 603 2112 (5).

175 2144 215 2209 Β.
248 2141 282 2207 Si
291 2188 302 2217 ,
327 2162 415 2231 qnae
439 2137 483 2204 de
506 2139 637 2225 origine
660 2138 802 2206 Paulina
829 2141 991 2234 epistolae
1016 2148 1173 2236 exposui,

131 2253 362 2337 admittimns3
388 2254 448 2319 lux
464 2253 599 2318 clarior
617 2254 741 2320 multia
761 2255 870 2338 locis,
895 2283 987 2347 quae
1006 2261 1102 2329 aliae
1120 2262 1175 2330 ob-

127 2356 311 2439 scuritate
332 2367 491 2456 quadam
510 2365 697 2453 laborant,
718 2369 939 2458 affunditur.

132 2473 139 2485 ’
174 2509 206 2554 ι.
240 2483 318 2549 Huc
338 2480 491 2569 pertinet
511 2481 608 2548 locus
636 2480 1052 2578 Heor.x111,13,19=
1084 2501 1173 2577 Πρσς·

132 2600 264 2684 εὔχεσθε
283 2596 351 2680 περὶ
370 2598 480 2678 ἡμῶν·
502 2598 695 2682 πεποίθαμεν
712 2601 797 2685 γὰρ,
818 2599 865 2670 ὅτι
887 2605 987 2681 nativ
1009 2605 1174 2683 συνείδησιν

127 2717 267 2802 ἔχομεν,
297 2715 328 2781 ἕν
346 2715 426 2781 ariri
447 2718 550 2788 καλῶς
573 2713 709 2788 θέλοντες
725 2716 984 2802 ἀντιστρέφεσθαι.
1029 2728 1171 2803 Περνσσν·

128 2833 224 2916 ripere
244 2831 277 2897 δὲ
299 2833 474 2911 reparer-oi
496 2831 586 2894 τοῦτο
607 2835 754 2911 συνῆσαν,
787 2827 836 2897 ἵννν
860 2832 973 2915 aazia
999 2835 1071 2914 ὑμῖν
1088 2837 1172 2904 siaro-

129 2943 328 3016 κστσνσσσθῶ.
373 2938 505 3003 Auctor
523 2939 754 3028 maximopere
772 2940 1041 3012 Palaestinenses
1063 2945 1170 3013 Chri·

126 3061 252 3127 stianos
270 3053 492 3135 adhortatur,
515 3069 553 3118 ut
567 3074 687 3141 preces
705 3077 819 3142 prose
840 3054 882 3120 ad
903 3056 1013 3124 Deum
1024 3057 1170 3143 faciant,

14 3204 18 3214 ¹
125 3191 172 3263 ut¹
187 3171 285 3238 citius
307 3192 325 3233 e
343 3163 488 3234 vinculis
506 3165 697 3251 liberetur,
720 3168 832 3259 iisque
849 3172 1059 3238 restituatur.
1089 3172 1169 3242 Ad-

128 3286 182 3358 dit
203 3305 357 3364 causam,
381 3305 441 3348 eur
460 3280 528 3347 hoc
550 3279 663 3350 sacere
686 3263 854 3349 debeant:
894 3283 1086 3353 Immeritus
1103 3311 1169 3382 pn·

121 3480 323 3510 Μ

165 3612 224 3683 (5)
248 3607 322 3664 aare
341 3605 383 3659 hir
400 3605 634 3662 denomlnatiouenr
651 3606 713 3661 Jeen
733 3625 793 3663 voce
814 3608 964 3670 ἀπόστολος
979 3610 1041 3681 ΙΙΙ,
1060 3632 1097 3678 ι,
1121 3632 1172 3686 que

129 3699 224 3754 Paulus
244 3699 273 3751 in
289 3692 408 3765 epistolia
423 3694 532 3746 caeteris
548 3711 599 3747 non
614 3712 674 3747 urus
687 3707 735 3752 ert.
769 3696 819 3750 Set
834 3699 926 3767 quidni
943 3699 981 3752 ita
996 3701 1114 3757 nominet
1124 3704 1174 3759 Je-

22 3806 28 3818 ·
128 3805 185 3841 aum
211 3787 279 3835 κατ’·
290 3784 402 3850 ἐξοχὴν,
419 3781 464 3851 qui
482 3781 559 3835 toties
575 3782 811 3834 sacrararum
825 3788 901 3855 παρὰ
917 3788 965 3836 τσῦ
982 3789 1088 3858 πατρὸς
1100 3788 1177 3847 dire·

128 3878 192 3929 rat?
229 3871 300 3924 atili
320 3870 400 3924 etiam
423 3885 498 3923 centu
517 3867 606 3925 latiori
625 3871 769 3939 apostolus
786 3887 801 3924 ι
818 3869 899 3927 Paulo
921 3886 1080 3946 usurpatur,
1107 3897 1173 3950 eg.

132 3960 245 4031 Philipp.
263 3957 309 4024 ll,
326 3959 369 4015 25·
