2604 4740
552 386 735 480 (iss)

121 577 228 645 ullum
247 579 386 670 quidem
400 577 576 662 vestigium
591 576 765 668 reperitur
777 575 812 641 in
826 572 979 665 epistolis
996 565 1158 640 Paulioiss'

123 694 446 778 Commemorasset,
479 695 507 757 si
526 712 788 758 commemorare
805 688 982 781 potuisset.
1018 683 1162 752 'Paulus

123 807 266 899 quidem
296 808 404 875 refert
430 831 446 875 1
466 806 547 873 Cor.
568 804 640 888 Xl,
663 829 702 884 ις
734 805 850 871 rcor.
873 801 924 887 V,
948 807 1007 879 16,
1043 824 1079 870 se
1102 800 1154 868 vi·

84 931 88 938 '
122 921 214 989 disse
230 921 428 1005 Christum,
450 919 510 988 sed
529 921 596 998 ita.
620 936 682 1002 ut,
715 941 802 1008 quae
822 918 868 984 de
892 920 1010 984 Jesua
1034 938 1070 982 se
1092 913 1153 982 riso

123 1036 253 1121 refert,
287 1038 330 1104 ad
351 1037 584 1101 narrationem
609 1031 819 1115 Act.1x,5
842 1054 922 1126 sqq.
955 1033 1029 1099 sine
1056 1028 1152 1096 dubio
1186 1046 1192 1081 ἱ

123 1156 335 1243 pertineant.
380 1149 416 1217 Si
434 1149 491 1217 vel
510 1172 587 1216 cum
609 1148 868 1216 Schradero
888 1168 1059 1214 sumamus
1079 1143 1151 1233 (4),

124 1267 269 1337 Paulum
298 1289 388 1332 anno
414 1263 552 1330 demum
580 1264 619 1331 14
639 1287 679 1356 p.
702 1261 786 1329 Chr.
805 1286 842 1328 n.
874 1279 988 1330 ortum
1015 1259 1152 1329 natalem
1197 1274 1199 1291 '

122 1383 309 1467 habuissa3
346 1396 460 1446 tamen
479 1381 592 1473 posito
612 1397 702 1446 anno
723 1379 809 1444 vitae
836 1376 1063 1461 duodecimo,
1095 1390 1153 1467 quo

125 1493 394 1585 Hierosolymam
409 1494 553 1575 abierit,
575 1491 691 1581 plures
709 1513 815 1558 annos
836 1490 950 1560 adhuc
968 1509 1049 1561 ante
1068 1490 1155 1581 initis

117 1611 368 1680 'munerisJesu
392 1607 527 1696 publici
549 1605 600 1672 ihi
623 1623 849 1674 commoratus
871 1621 942 1689 e'st,
957 1623 993 1674 et
1018 1621 1152 1682 cuncte,

95 1739 99 1747 '
129 1748 217 1816 quae
236 1738 394 1812 spectant
417 1723 532 1789 lesum
556 1723 670 1811 ipsum
692 1722 744 1788 vel
765 1724 839 1810 ejus
862 1721 1084 1800 doctrinam,
1113 1719 1156 1787 ri·

127 1837 237 1905 dendi
254 1855 300 1904 et
316 1834 543 1924 cognoscendi
559 1835 775 1904 occasionem
797 1834 939 1918 hahuit,
964 1837 1064 1918 cuius
1087 1854 1157 1904 roro

125 1959 181 2022 rei
202 1951 336 2020 nullum
352 1951 531 2037 vestigium
552 1950 586 2017 in
609 1948 759 2017 Pauliois
780 1949 931 2040 epistolis
948 1966 1055 2017 extat.
1092 1951 1174 2019 Ve-⁴

126 2066 366 2136 risimillimum
381 2083 432 2134 est
446 2117 454 2146 ,
478 2065 618 2133 Paolum
632 2063 770 2134 demum
788 2081 867 2154 post
881 2063 961 2130 Jcsu
983 2062 1160 2133 discessum

126 2181 395 2272 Hierosolymam
420 2182 559 2252 venisse.

175 2300 315 2367 sivero
342 2297 394 2367 vel
421 2297 566 2363 dubium
588 2313 707 2376 esset„
729 2297 871 2364 Paulum
895 2298 939 2365 ad
963 2319 1037 2366 eam
1062 2315 1164 2390 usque

129 2429 300 2497 retorem,
333 2436 402 2502 qna
421 2412 555 2481 Stoicae
580 2411 816 2505 philosophiae
845 2413 1002 2480 notitiam
1023 2410 1167 2506 aliquam

129 2528 300 2594 imbibere
323 2542 458 2616 posset,
482 2525 584 2591 Tarsi
604 2528 766 2593 mansisse
779 2553 790 2612 ;
818 2527 1040 2595 nihilominus
1062 2543 1169 2594 tamen

130 2640 250 2707 seriori
263 2640 348 2708 vitae
368 2664 444 2708 suae
465 2655 619 2732 tempore
633 2657 711 2731 post
731 2622 994 2709 'conversionem
1010 2636 1076 2732 per
1092 2653 1166 2708 uia-

130 2778 236 2841 gnum
254 2757 416 2845 temporis
429 2754 645 2823 intervallum
663 2756 728 2844 (5)
749 2758 848 2823 Tarsi
861 2772 1088 2824 commoratus
1101 2773 1168 2836 est,

129 2861 233 2937 nt‘ex
262 2870 358 2937 Actis
388 2887 483 2961 patet
505 2871 575 2950 IX,
596 2874 647 2939 50.
675 2870 792 2937 ethic
822 2871 894 2937 sine
920 2858 1046 2954 dubio,
1084 2870 1168 2936 sicut

126 2985 301 3068 Athenis,
325 3003 403 3050 cum
423 2982 637 3075 philosophis
659 2985 804 3053 ethnicis
824 2984 1008 3052 collocutus
1034 3001 1087 3052 est
1104 3009 1165 3053 eo·

125 3124 277 3193 rumque
299 3098 424 3189 placita
442 3098 670 3186 cognoscendi
692 3101 902 3169 occasionem
922 3100 1056 3169 hahuit·

173 3217 224 3282 Bi
243 3217 468 3280 Transeamus
496 3212 714 3282 adsectando
740 3216 813 3281 loeo
841 3215 1000 3309 positum.
1052 3215 1168 3283 chus

129 3334 224 3399 inter
254 3346 429 3395 auctorem
454 3344 588 3394 nostrae
615 3328 775 3419 epistolae
806 3350 840 3399 et
868 3332 1031 3398 Senecam
1057 3329 1096 3396 in
1127 3349 1169 3395 eo

132 3469 203 3514 esse
222 3443 356 3536 potuit,
377 3462 416 3511 nt
431 3445 528 3511 alter
547 3443 700 3511 alterius
723 3448 863 3535 scriptu
882 3447 1013 3536 legerit
1029 3461 1065 3512 et
1081 3443 1170 3512 alter

123 3633 314 3658 m

168 3760 227 3831 (4)
251 3757 370 3827 Plerique
399 3775 448 3810 non
471 3755 569 3812 levibus
587 3761 745 3830 argumentis
766 3761 877 3831 permoti
904 3777 969 3814 anno
988 3779 1004 3816 2
1020 3779 1046 3832 p.
1064 3759 1129 3822 chr.
1146 3779 1177 3823 r.

131 3849 239 3900 Paulum
257 3858 345 3900 natum
363 3863 417 3898 esse
434 3844 599 3902 contendunt.

170 3937 222 4006 (5)
249 3933 407 3988 lictorius
424 3934 452 3984 in
469 3932 525 3987 Lib.
538 3929 556 3984 l.
575 3944 628 3987 tm
646 3935 700 3986 fere
718 3948 796 3988 aoros
814 3934 888 3989 Tarsi
905 3947 1093 3990 commoratum
1119 3954 1177 3991 ers·

135 4020 285 4089 Apostolum
309 4019 441 4074 contendit
463 4038 487 4090 p.
505 4024 538 4076 aa
556 4039 611 4092 sqq.
648 4019 822 4076 Schrader
848 4023 907 4076 Lib·
925 4022 942 4079 l.
968 4040 992 4091 p.
1010 4026 1043 4076 to
1069 4022 1177 4080 brevius

131 4106 296 4163 niernum
313 4119 454 4179 conputet.
