2594 4724
538 432 556 516 (
601 404 663 497 hs
704 426 726 511 )’

107 599 214 700 dem,
250 617 311 684 sed
349 613 444 680 nullo
477 610 579 678 modo
617 603 744 678 Lucae'
768 591 1016 676 accommodata
1050 590 1158 691 sunt}

113 708 119 721 ⁵
151 739 184 803 b.
202 734 323 822 Neque
342 748 410 795 tam
428 726 544 791 arctis
559 747 639 791 cum
652 711 1145 829 ChristianisPalcieetiner't·

105 847 209 916 'tribus
230 843 417 909 amicitiae
436 835 593 903 vinculis
609 859 721 902 nexus
740 850 822 902 eret
834 836 981 918 Luccei
992 846 1032 904 ut
1046 839 1149 907 dice·

110 980 150 1027 re
169 971 302 1046 posset:
338 981 356 1024 «
375 950 566 1018 Precamini
584 969 649 1035 pro
673 973 747 1031 me,
771 963 809 1012 ut
828 946 922 1014 vobis
947 946 1149 1019 restituam-’⁵

108 1068 237 1149 Multi,
260 1083 299 1132 ut
319 1088 422 1154 supra
449 1064 585 1144 monui,
609 1075 753 1149 putant,
777 1083 820 1124 ne
840 1059 983 1125 Paulum
1004 1063 1148 1152 quidem

107 1181 160 1248 ita
191 1179 342 1245 scribere
367 1174 517 1263 potuisse
546 1173 588 1240 ad
619 1174 831 1238 Christianos
857 1171 1154 1263 Palaestinen'ses'3'
1241 1169 1245 1175 ¹

105 1309 241 1384 quanto
268 1290 380 1354 minus
409 1289 541 1368 Lucas,
571 1284 631 1375 qui
654 1284 799 1350 minoris
824 1283 939 1350 adhuc
963 1287 1089 1369 gratiae
1117 1305 1152 1354 et

111 1399 343 1481 auctoritatis,
364 1399 496 1489 quippe
509 1394 698 1485 discipulus
715 1413 750 1462 et
769 1395 893 1462 assecla
915 1396 1032 1476 Pauli,
1052 1400 1150 1491 ‘apud

111 1535 172 1581 eos
189 1511 276 1595 fuit,
297 1510 345 1577 ita
359 1509 511 1575 scribere
526 1509 662 1597 potuit!
700 1508 892 1576 Provocant
909 1507 1050 1596 quidem
1065 1526 1152 1579 non·

107 1621 201 1692 nulli
221 1620 264 1687 ad
289 1620 402 1688 locum
431 1622 547 1688 aCor.
568 1619 750 1701 Vnt-18,
774 1643 836 1707 19,
867 1620 904 1683 in
931 1643 999 1708 quo
1028 1621 1154 1688 Paulus
1183 1625 1186 1629 ’

110 1736 312 1805 Corinthios
338 1735 382 1800 ad
408 1733 649 1802 liberalitatem
677 1753 756 1814 erga
778 1745 912 1798 coetum
931 1716 1153 1806 Christiano·

104 1873 191 1933 rum
201 1845 543 1934 Hierosolymitanum
559 1843 782 1917 adhortatur,
796 1859 831 1907 et
844 1844 1053 1940 mentionem
1072 1844 1156 1918 facit

104 1966 253 2048 ἀδελφοῦ
271 1960 306 2030 οὗ
328 1964 342 2029 i
362 1961 483 2035 ἔπαινος
506 1962 538 2027 ἕν
554 1961 597 2044 τῷ
618 1959 797 2042 εὐαγγελίῳ
817 1959 871 2026 tat
885 1963 993 2024 ructa
1012 1967 1073 2027 ciii
1092 1965 1153 2029 ἐκ·

113 2084 266 2156 atterit,
290 2094 391 2161 quem
412 2093 580 2139 unacum
604 2071 686 2138 Tito
717 2067 815 2155 stipis
840 2065 1031 2154 erogandae
1057 2093 1157 2136 causa

106 2189 158 2257 ad
181 2188 379 2255 Corinthios
404 2185 560 2256 misisset.
603 2187 706 2253 Hunc
737 2184 876 2268 ἀδελφὸν
905 2200 1032 2270 putant
1051 2184 1158 2253 fuisse

113 2305 265 2385 Lucam,
293 2317 328 2367 et
352 2299 441 2385 stipe
460 2297 629 2384 eroganda
645 2295 682 2360 in
700 2299 800 2359 nsum
821 2308 935 2359 coetus
954 2295 1161 2388 Hierosoly-⁴

111 2413 236 2482 mitani
250 2411 377 2504 optime
400 2406 444 2474 de
464 2410 626 2476 Hebraeis
650 2404 813 2473 meritum
836 2403 984 2506 ideoque
1005 2409 1046 2477 iis
1065 2413 1151 2502 pei.

112 2548 231 2596 carum
246 2524 359 2590 fuisse·
406 2521 476 2590 Sed
495 2524 692 2612 quaeritur,
716 2543 801 2585 num
817 2518 875 2584 hic
895 2525 1034 2610 ἀδελφὸς
1050 2523 1157 2591 fuerit

104 2642 234 2709 ,Lucas
257 2639 325 2705 Vix
339 2631 436 2702 credi
452 2648 591 2723 potest,
614 2657 691 2700 cum
704 2631 827 2698 Paulus
844 2635 963 2700 Titum
980 2639 1154 2720 nominet',

110 2752 263 2832 Lucam,
283 2749 448 2816 maximae
473 2746 682 2813 auctoritatis
700 2744 878 2812 doctorem
898 2744 1151 2820 Christianum,

112 2880 185 2929 non
205 2848 278 2945 ejus
296 2837 454 2942 nomine,
476 2859 537 2924 sed
551 2859 763 2952 simpliciter
782 2865 834 2932 cdv
856 2862 994 2946 ἀδελφὸν
1012 2883 1031 2923 a
1048 2858 1153 2926 Paulo

112 2971 325 3062 appellatum
352 2997 435 3040 esse.
478 2975 569 3040 Hinc
591 2974 693 3038 etiam
720 2973 921 3063 discrepant
945 2974 1153 3058 interpretes

111 3085 219 3169 hujus
234 3083 303 3150 loci
318 3084 355 3150 in
375 3083 596 3166 definiendo,
617 3086 691 3173 quis
709 3087 813 3152 fuerit
828 3086 892 3151 iste
908 3088 1055 3170 ἁδελφός.
1079 3087 1152 3152 Ch·-

112 3197 330 3269 Mosheim
351 3197 566 3283 Erlrlc'irung
590 3198 653 3263 des
673 3211 830 3286 zweytec
852 3199 997 3285 Briefes
1018 3222 1065 3266 nn
1092 3200 1153 3265 die

108 3311 356 3387 Kerinthier,
380 3333 417 3398 p·
430 3309 506 3377 440.

157 3447 188 3490 c.
212 3423 321 3488 Porro
345 3434 564 3488 contentae
589 3424 825 3490 auctoritatis
846 3448 921 3493 esse
943 3428 1057 3516 potnit
1076 3427 1151 3497 tu-
1247 3481 1248 3485 ,

115 3557 193 3617 cas,
216 3550 255 3599 ut
271 3554 334 3600 suo
349 3535 486 3600 nomine
503 3535 723 3603 Timotheum
739 3536 783 3602 ad
802 3536 962 3603 mandata
986 3536 1154 3626 quaedam

114 3648 242 3714 exteris
270 3646 471 3712 Christianis
504 3648 710 3737 perferenda
741 3649 878 3713 mittere
908 3664 1048 3736 posset3
1087 3649 1152 3715 cfr.

114 3759 225 3828 Hebr.
242 3760 347 3838 XIII,
372 3761 425 3826 23.
470 3757 562 3823 Haec
581 3759 694 3826 missio
713 3759 885 3827 Timothei
907 3760 1021 3848 potius
1041 3760 1085 3825 ad
1105 3760 1153 3851 yi-

115 3893 196 3939 rum
217 3870 401 3958 apostolica
420 3872 618 3938 auctoritate
633 3869 832 3959 gaudentem
854 3854 1036 3938 referenda
1054 3856 1116 3941 esti
1207 3916 1211 3924 ·

162 3982 198 4047 d.
226 3981 356 4064 Porro,
380 3982 408 4048 si
436 3983 564 4065 Ltrcas,
589 3985 789 4072 parentibus
813 3980 996 4066 gentilibus
1024 4003 1145 4067 natus,

114 4111 235 4164 auctor
257 4093 417 4184 epistolae
437 4111 544 4172 essct,
568 4118 640 4184 quo
662 4093 797 4162 tandem
820 4097 924 4166 modo
945 4101 1046 4168 initio
1068 4103 1149 4190 epi-
