2604 4740
550 421 730 514 (¹0⁶)

122 609 333 681 intrantem.
384 608 463 678 Non
483 607 585 693 licet,
614 607 692 698 plna
720 605 869 696 efferre,
893 629 995 696 quarn
1017 608 1156 678 intule-

124 726 202 794 ria.-
224 723 328 789 iinmo
350 723 451 789 otiam
470 747 512 791 ex
531 744 594 800 eo,
611 719 705 811 quod
725 722 761 786 iu
781 720 883 787 vitam
900 720 1069 801 attulisti,
1084 746 1162 815 part

123 862 248 925 magna
271 835 431 926 ponenda
457 856 519 905 est.
571 834 779 902 Detrahetur
804 832 867 899 tibi
893 833 980 900 haec
1010 836 1162 903 circum·

122 955 234 1043 jecta,
258 948 475 1017 novissimum
492 950 719 1019 velamentum
730 947 803 1032 tui,
827 946 936 1028 cutis,
958 946 1161 1020 detrahetur

124 1091 210 1137 coro
232 1082 266 1132 et
286 1065 451 1156 auffuaua
480 1064 633 1152 aanguia
662 1060 931 1154 discurrensque
964 1085 1030 1153 per
1057 1079 1165 1137 totum

127 1181 238 1273 (αἷμα
256 1183 308 1253 κα)
328 1182 444 1267 σὰρξ).
465 1212 509 1228 ·-
530 1176 609 1245 Dies
628 1175 709 1261 isle,
732 1200 835 1267 quem
853 1193 1027 1268 tamquam
1046 1194 1165 1249 exiro·

124 1318 221 1365 mum
238 1293 463 1372 relormidaa,
485 1293 615 1360 aeterni
639 1288 763 1359 natilie
782 1307 847 1360 cat·
889 1293 1035 1385 Depone
1057 1313 1163 1382 οπως

128 1411 216 1506 quid
234 1408 426 1488 cunctaris,
449 1424 613 1498 tanquam
633 1429 705 1473 non
724 1405 823 1496 priua
843 1430 1004 1500 quoque,
1025 1406 1168 1496 relicto,

128 1525 167 1596 in
188 1549 259 1618 quo
278 1522 434 1602 latebas,
458 1544 603 1610 corpore
625 1520 760 1590 exierit·
803 1520 932 1592 Haeret
954 1540 989 1592 et
1010 1523 1169 1596 relucta·

128 1642 196 1725 ria3
221 1655 295 1706 tum
312 1660 450 1728 quoque
468 1655 591 1723 magno
611 1635 688 1703 nisu
702 1635 819 1704 matria
832 1636 993 1727 expulrur
1012 1662 1062 1708 et.
1093 1643 1169 1713 Ge·

128 1756 214 1838 mia,
235 1750 374 1843 plorant
399 1767 433 1817 et
456 1750 521 1816 boe
540 1748 655 1840 ipsum
676 1750 760 1819 flere
782 1751 955 1821 nascentia
987 1768 1051 1824 eat·
1096 1753 1168 1826 sad

131 1884 216 1936 tunc
233 1867 384 1934 debebat
401 1865 530 1953 ignosci
544 1892 556 1950 3
576 1864 674 1933 rudit
692 1882 727 1935 et
747 1867 924 1958 imperitus
939 1870 1092 1939 omnium
1108 1893 1173 1942 vt-

132 2005 260 2069 nerua3
285 2004 325 2048 ex
348 1996 580 2048 maternorum
601 1979 772 2055 viscerum
797 1978 908 2050 calido
928 1981 1094 2074 mollique
1116 1986 1174 2057 fo·

131 2111 251 2165 mento
271 2093 428 2160 emissum
451 2092 579 2161 afflavit
607 2118 687 2159 aura
707 2087 862 2161 liberior·
906 2097 1041 2170 Deinde
1061 2099 1176 2169 offen.

97 2233 103 2248 ·
133 2209 187 2278 dit
207 2208 313 2276 durae
336 2229 453 2272 manua
479 2223 610 2291 tactus;
643 2223 741 2273 tener
770 2206 885 2277 adhuc
912 2228 947 2278 et
970 2212 1098 2287 nullius
1124 2215 1176 2284 rei

133 2345 259 2414 gnarus
280 2319 487 2409 obstupuisti
512 2319 608 2385 inter
623 2319 754 2407 ignota.
798 2322 900 2394 Nune
928 2325 992 2403 tibi
1015 2349 1088 2396 non
1107 2353 1177 2399 nos

134 2461 217 2507 vum
236 2452 309 2518 eat,
329 2435 481 2526 separari
500 2435 542 2500 ab
562 2455 624 2515 eo,
647 2436 744 2520 cujus
762 2453 843 2505 ante
864 2463 943 2528 para
963 2440 1081 2513 fuerit.
1112 2449 1181 2513 Aea

136 2574 209 2645 quo
230 2551 343 2619 animo
366 2548 518 2614 membra
540 2547 608 2632 jam
628 2569 837 2638 supervacua
857 2551 992 2622 dimitte
1020 2572 1056 2624 et
1085 2556 1179 2627 ittud

139 2687 264 2758 corpur
285 2662 347 2730 diu
367 2662 595 2729 inhabitatum
616 2684 717 2750 pone·
760 2663 968 2750 scindetur,
991 2670 1181 2757 obruetur,

141 2780 348 2852 abolebitur.
372 2822 374 2827 -
393 2775 485 2865 Quid
508 2775 743 2846 contristaris?
778 2778 830 2846 Itu
850 2780 936 2848 tolet
959 2781 1046 2851 fieri.
1091 2785 1182 2859 Per.-

140 2910 225 2964 eunt
248 2915 383 2983 temper
403 2890 590 2955 velamenta
612 2895 836 2960 nascentium.
866 2933 910 2948 -·
945 2897 1090 2978 Veniet,
1122 2898 1184 2990 qui

142 3026 177 3084 te
195 3005 321 3075 revelet
348 3003 431 3069 dies.
477 3000 675 3092 Aliquando
691 3021 833 3076 naturae
857 3009 920 3076 tibi
940 3033 1062 3079 arcana
1085 3030 1182 3087 rete·

143 3139 288 3212 geutur,
323 3115 525 3185 discutietur
546 3114 606 3182 illa
633 3115 740 3203 caligo
766 3135 801 3188 et
825 3119 885 3188 lux
906 3124 1060 3217 undique
1090 3126 1187 3203 clara

144 3234 328 3329 percutiet.
359 3265 402 3283 -
436 3234 539 3298 Tunc
567 3229 605 3296 in
634 3233 785 3301 tenebris
811 3239 933 3307 vixisse
959 3241 1076 3324 dioec,
1108 3265 1188 3318 eum

146 3360 254 3422 totam
276 3346 390 3415 lucem
409 3343 629 3433 adspexeria,
652 3370 757 3436 quam
781 3375 876 3418 nunc
898 3378 961 3442 per
982 3354 1186 3444 angustiari.-

147 3488 218 3536 tnas
239 3459 414 3532 oculorum
432 3460 502 3526 viae
524 3459 668 3526 obscure
687 3459 854 3547 intuerit,
877 3482 912 3532 et
933 3485 1044 3539 tamen
1069 3469 1187 3541 admi.

147 3579 235 3650 raris
262 3593 331 3643 tam
358 3572 493 3662 procul.
548 3571 644 3661 Quid
674 3575 738 3642 tibi
764 3576 937 3649 videbitur
960 3584 1075 3653 divina
1104 3585 1189 3675 lux,

152 3717 230 3762 cnm
244 3689 337 3759 illam
354 3711 414 3756 suo
431 3687 508 3753 loeo
528 3685 682 3757 videris?
712 3693 803 3758 Haeo
825 3697 982 3783 cogitatio
1000 3698 1088 3768 nibil
1105 3724 1189 3769 ror·

152 3807 274 3876 didum
296 3803 408 3871 animo
431 3797 606 3867 subsidere
635 3802 740 3889 sinit3
777 3805 862 3874 Deos
891 3815 1044 3880 omnium
1070 3838 1192 3887 rerum

155 3941 257 3997 tester
274 3943 344 3990 erae
369 3916 437 4000 ait,
468 3913 535 3982 illia
557 3916 592 3981 in
616 3933 792 3987 aeteruum
812 3924 926 4011 parari
947 3926 1047 4013 jubet
1070 3946 1104 3996 et
1127 3956 1195 4000 aa·

157 4038 351 4109 ternitrtem
372 4028 612 4120 proponero.'’

198 4149 274 4221 Non
298 4143 489 4237 poenitebit
507 4141 694 4219 lectorem,
720 4142 815 4213 bunc
833 4146 980 4220 Senecae
998 4152 1112 4224 locum
1129 4179 1194 4228 ω.
