2604 4740
656 413 832 498 (16⁶)

216 593 329 684 ,immo
359 593 472 681 potius
497 591 635 660 mitibus
666 609 701 663 et
730 591 774 659 ad
796 593 1041 660 humanitatem
1066 591 1251 686 compositis

228 709 381 788 moribus
406 703 575 774 excelluit.
627 704 775 775 Cuilibet
800 705 922 774 lectori
942 728 1085 796 operum
1111 706 1249 775 Senecae

226 840 346 901 notum
379 838 451 902 est,
485 823 617 912 quoties
648 821 866 889 humanitatis
892 821 1002 887 officia
1029 844 1110 908 erga
1131 819 1250 889 vilioris

224 939 324 1005 sortis
342 936 565 1010 homunculos
580 932 813 1010 commendet,
834 936 967 1022 quoties
985 933 1247 1018 doceat,eadetu

222 1054 374 1138 origine¹
406 1076 475 1145 qua
494 1051 668 1130 dominos,
699 1048 846 1135 gaudere
879 1072 991 1116 servos
1019 1067 1054 1117 et
1074 1051 1161 1117 hinc
1186 1050 1244 1118 he·

219 1168 324 1251 nigne
348 1165 645 1238 tractandosesse.
686 1164 729 1229 In
750 1163 860 1253 Epist.
876 1163 929 1248 47.
952 1162 1159 1231 Luciliosuo
1173 1161 1247 1230 haec
1289 1190 1292 1201 ·

219 1281 361 1349 scribit:
402 1282 604 1352 «Libenter
624 1278 786 1366 cognovi,
809 1274 1021 1345 familiariter
1036 1293 1068 1353 te
1092 1299 1169 1345 cum
1186 1299 1245 1343 sera

218 1396 268 1464 vis
287 1396 351 1467 tuis
368 1396 499 1481 vivere3
521 1394 588 1462 hoc
605 1391 844 1484 prudentiam,
860 1389 926 1458 hoc
939 1389 1170 1458 eruditionem
1185 1387 1243 1458 de·

219 1526 287 1577 cet·
331 1510 428 1579 Serri
449 1511 556 1579 sunt?
577 1508 680 1576 immo
697 1506 864 1578 homines.
896 1505 1116 1574 Servisunt‘l
1148 1506 1246 1572 Immo

215 1627 387 1697 conservi.
409 1658 454 1675 -
472 1622 591 1710 Cogita
618 1623 738 1694 istum,
771 1644 873 1709 quem
903 1643 1038 1689 servum
1062 1636 1160 1691 tuum
1186 1640 1243 1689 ros

218 1760 300 1818 cas,
330 1760 371 1806 ex
398 1735 520 1807 iisdem
548 1735 734 1808 seminibus
761 1751 875 1801 ortum
896 1771 958 1801 -.
990 1733 1076 1800 Vive
1109 1756 1189 1801 cum
1212 1753 1246 1798 eo

214 1849 418 1930 clementer,
442 1851 584 1918 comiter
607 1871 744 1942 quoquc
769 1866 805 1915 et
829 1850 866 1916 in
893 1871 1087 1919 sermonem
1112 1847 1248 1914 admitte

211 1984 250 2059 ct
279 1968 317 2035 in
352 1967 590 2035 consiliumet
619 1965 812 2036 convictum
834 2003 901 2037 -,-.
930 1963 1249 2044 Stultissimum,

216 2082 277 2173 qui
308 2080 480 2151 hominem
505 2097 563 2157 aut
590 2102 633 2148 cx
662 2097 755 2150 veste
781 2095 838 2147 aut
866 2101 908 2153 ex
931 2076 1129 2149 conditione
1148 2075 1248 2152 aesti-

212 2196 323 2270 malo„

257 2307 387 2381 Multus
410 2305 567 2396 inprimis
588 2305 626 2372 in
647 2305 708 2371 tib.
721 2308 780 2381 III.
802 2306 846 2374 de
865 2305 1044 2399 Beneficiis
1063 2308 1195 2378 Seneca
1206 2321 1255 2378 est

215 2422 258 2493 in
276 2420 556 2490 commendandis
578 2443 657 2506 erga
676 2444 787 2489 servos
807 2439 842 2489 ct
865 2420 992 2493 vilioris
1015 2423 1114 2493 sortis
1139 2422 1253 2495 homi·

211 2558 283 2611 ures
301 2535 520 2610 humanitatis
541 2534 658 2604 officiis
677 2550 712 2600 et
731 2556 759 2602 c.
774 2535 824 2604 28.
844 2536 929 2607 haec
948 2536 1119 2624 injungite
1155 2536 1256 2609 «Ne-

216 2651 345 2725 minem
368 2649 586 2739 despexeris,
608 2648 737 2717 etiamsi
762 2649 853 2724 circa
874 2649 972 2719 illum
1000 2650 1154 2719 obsoleta
1178 2667 1257 2720 sunt

215 2765 357 2834 nomina
375 2779 411 2832 ct
432 2786 555 2852 parum
570 2761 770 2849 indulgente
786 2762 925 2831 fortuna
940 2763 1065 2854 adjura.
1109 2766 1188 2837 Sive
1205 2766 1253 2835 ii·

214 2875 347 2949 bertini
368 2892 447 2948 ante
468 2900 526 2945 vos
541 2875 734 2963 habentur,
755 2879 825 2945 sive
842 2877 950 2963 servi,
971 2881 1039 2948 sive
1061 2895 1254 2949 exterarum

216 2991 368 3089 gentium
392 2989 564 3070 hominess
598 2992 717 3080 crigite
742 2994 905 3062 audacter
935 2993 1062 3060 animos
1086 3010 1123 3061 et
1149 2996 1253 3087 quic·

212 3105 303 3201 'quid
325 3105 361 3170 in
384 3101 496 3171 medio
518 3105 650 3176 sordidi
670 3111 780 3194 jacet,
805 3108 993 3192 transilite3
1017 3124 1180 3198 expectat
1198 3133 1254 3181 vos

215 3220 254 3295 in
278 3242 416 3290 tammo
437 3243 557 3306 magna
579 3220 776 3286 nobilitas.’'
802 3225 862 3306 (in
883 3245 1032 3307 summo,
1055 3222 1093 3290 id
1123 3241 1198 3309 est,
1219 3225 1254 3291 in

211 3334 327 3426 prima
350 3332 514 3422 origine),
556 3334 664 3401 Nemo
685 3335 787 3401 etiam
811 3335 897 3418 fuit,
922 3337 982 3425 qui
1004 3320 1253 3424 contenderet,

212 3447 380 3521 Senecam
403 3445 504 3518 aliter
528 3448 594 3520 hac
615 3448 658 3514 de
680 3471 717 3514 rc
737 3447 887 3516 locutum
907 3474 996 3533 esse,
1019 3451 1118 3520 aliter
1140 3455 1255 3540 egisse.

210 3559 316 3636 Multi
351 3558 491 3650 quidem
517 3561 720 3651 antiquioris
753 3579 787 3629 et
816 3564 1013 3631 recentioris
1036 3568 1109 3635 aevi
1133 3567 1256 3652 fuere,

210 3675 273 3767 qui
308 3671 353 3744 de
384 3674 532 3746 Senecae
565 3677 678 3745 animo
710 3692 744 3743 et
776 3676 926 3743 moribus
962 3681 1081 3770 inique
1113 3680 1254 3767 judica·

207 3774 290 3860 'rent
310 3787 421 3878 (14);
446 3812 547 3865 uentu
567 3805 773 3865 tamencum
793 3792 1003 3879 arrogantiae
1028 3811 1063 3861 et
1081 3793 1259 3887 iniquita<

208 3984 362 4021 Μ

256 4127 332 4207 (14)
360 4129 417 4193 ctr.
439 4133 542 4214 Lipsius
566 4133 594 4194 in
616 4132 678 4193 vio
694 4131 820 4223 Senecae,
845 4136 890 4209 qui
907 4134 1041 4195 nonnullos
1058 4137 1265 4204 calumniatores
