2604 4740
500 103 676 200 (ιον)

112 292 176 362 Vs.
190 292 218 364 '5
232 288 337 375 hujus
357 286 503 379 ospitisa
539 293 643 363 τΙττιι
663 298 787 378 νοοῦμεν
805 295 1006 382 empirios
1033 303 1106 382 sois

71 408 183 485 ossas
192 409 309 494 ῥᾴμοτι
325 407 410 489 θεοῦ,
431 410 477 484 sis
494 407 531 476 τὸ
546 407 592 488 μὴ
608 408 844 494 ἐκφαινομένων
859 415 904 482 ssi
920 416 1107 502 βλεπόμενοι

71 524 254 608 emoriens,
276 541 347 585 non
368 520 512 586 obscure
535 514 686 603 indicat,
708 537 881 590 auctorem
903 525 947 592 ad
967 527 1106 598 decreta

72 634 265 706 Stoicorum
281 656 345 725 per
358 636 509 704 e’srllaoss
522 631 722 722 respexisse.
758 634 928 704 Partioula
950 645 995 724 peis
1012 644 1106 712 enim

69 772 289 842 nequaquam
306 747 349 813 ad
371 749 561 836 φαινομένων
581 745 766 812 referenda
791 763 862 828 est,
886 768 925 818 ut
944 754 1106 824 nonnulli

68 862 211 949 volunt,
230 885 260 928 e.
277 884 310 947 g.
331 860 701 928 Rosenmiillerus
722 862 759 926 in
774 861 922 931 Scholiis
937 867 981 934 ad
999 865 1104 938 h.lo-

70 1000 161 1046 enm.
205 974 296 1042 Haeo
314 974 408 1041 enim
428 973 623 1040 metathesis
643 973 832 1062 particulae
850 985 895 1061 μὴ
914 981 1016 1069 plane
1040 985 1103 1051 in..

68 1087 167 1158 solita
184 1103 257 1171 est,
277 1101 312 1153 et
326 1085 421 1154 loeus
440 1086 629 1155 nMaooah.
641 1088 729 1172 vn,
743 1091 802 1157 28³
826 1090 872 1163 ἔτι
887 1099 943 1167 οὖν
960 1099 997 1182 ἐξ
1015 1100 1107 1173 ὄντοιν

63 1206 208 1286 Imlnoss
223 1204 312 1274 'nissi
334 1202 420 1284 θεός,
441 1223 484 1267 ex
505 1224 575 1291 quo
599 1225 698 1269 nsum
717 1203 885 1289 ejusmodi
911 1214 1104 1304 transpositi

64 1312 377 1405 tionispartioulae
390 1317 436 1399 pis
451 1316 675 1408 comprobare
688 1315 889 1405 voluerunt,
911 1325 956 1391 ol>
975 1328 1105 1400 variam

61 1414 247 1502 leetionem
271 1428 422 1496 incertus
442 1447 516 1514 est,
544 1452 622 1495 cnm
642 1427 782 1523 plurimi
800 1432 935 1506 codiees
955 1437 1104 1527 legante.

60 1548 109 1621 irs
122 1549 161 1631 ἐξ
171 1548 225 1617 οὔκ
236 1545 326 1616 ὄντων
337 1547 477 1624 ἐποίησεν
493 1548 579 1614 οὔτὰ
597 1545 674 1621 lais.
718 1546 850 1614 Auctor
868 1568 1003 1622 nostrae
1022 1561 1103 1650 epia

61 1661 169 1731 stolae
193 1658 261 1725 ho‘o
285 1655 402 1725 dicere
426 1655 512 1725 vult.
563 1656 649 1724 Fide
671 1658 913 1746 intelligimus,
935 1669 1106 1742 mundum

61 1775 144 1847 solo
157 1772 265 1844 verbo
283 1786 318 1840 et
338 1770 513 1840 voluntate
529 1770 592 1839 Dei
610 1788 761 1841 ereetum
780 1780 943 1863 esse‚'ita
961 1798 1001 1849 nt
1015 1807 1102 1874 quae

56 1893 130 1981 jam
150 1890 187 1956 in
209 1887 342 1954 mundo
362 1894 576 1970 cernuntur,
609 1909 830 1980 nequaquam
855 1908 931 1962 orta
958 1893 1028 1963 sint
1057 1918 1102 1966 ea

57 1990 168 2089 ohan,
195 1999 288 2093 qnod
307 2014 452 2079 vocant,
484 2022 527 2066 ex
544 2000 670 2069 visibili
694 2003 844 2093 quadam
861 2026 988 2092 massa,
1012 2032 1101 2102 spe·

56 2119 150 2191 eieni
165 2116 312 2206 aliquam
328 2120 390 2186 τοῦ·
400 2112 476 2185 εἶναι
490 2113 662 2194 habente,
685 2116 765 2183 rudi
784 2136 820 2187 et
837 2118 1007 2207 indigesta
1022 2145 1101 2191 mo·

55 2235 111 2318 le,
133 2244 459 2327 quaenonrevera
480 2230 616 2312 extitit,
637 2229 698 2297 sed
719 2231 923 2324 phantasma
942 2250 1099 2304 tantum-t

53 2346 164 2418 niodo
183 2342 229 2412 de
250 2343 378 2430 origine
405 2334 528 2410 mundi
549 2340 870 2433 philosophantium
892 2347 969 2415 fuit.
1020 2348 1101 2417 Uno

54 2460 166 2535 verbo
192 2456 383 2527 contendit·
401 2471 538 2540 auctor,
569 2455 737 2524 mundum
767 2484 810 2524 ex
839 2460 949 2526 nihilo
969 2459 1100 2557 santum

42 2556 349 2665 estasiasmeno
372 2569 486 2659 (57),
506 2585 541 2635 es
557 2569 614 2635 :ita
638 2592 705 2660 per
728 2574 879 2643 saltas
894 2570 1039 2663 respicis
1054 2573 1099 2644 ,ι

53 2692 201 2795 sleomte
223 2685 438 2770 Stoicorum,
469 2682 553 2775 qui,
580 2685 671 2765 siout
691 2685 792 2754 etiam
816 2683 875 2752 alii
901 2684 1100 2780 philosophi

51 3052 175 3124 alienet&
194 3049 266 3119 sint,
283 3048 332 3103 hoe
347 3049 402 3104 fere
418 3065 511 3104 senso:
547 3044 609 3100 alis
633 3046 705 3116 giaht
729 3048 804 3102 einen
824 3046 944 3103 Glarhen
960 3049 1007 3105 ier
1022 3049 1099 3106 (laria

51 3139 192 3209 basaltes,
209 3138 259 3192 'das
278 3154 338 3191 man
357 3139 427 3194 ete.’'
459 3136 533 3190 liano
549 3134 790 3205 interpretationem
807 3137 831 3190 si
851 3136 1027 3204 admittimus.
1053 3139 1099 3192 in-

51 3228 201 3299 telligitur,
225 3225 357 3280 notionem
380 3225 510 3294 vulgarem
534 3223 651 3281 πίστεως
669 3222 771 3276 auctori
790 3222 914 3295 epistolae
937 3241 1099 3296 nequaquam

52 3314 212 3387 iaeagnitsm
229 3311 329 3378 inisse,
346 3312 391 3367 aed
412 3329 443 3366 ea
465 3309 582 3364 consulto
605 3325 657 3361 non
678 3310 717 3362 nti
737 3309 863 3382 voluisse,
880 3323 909 3367 et
925 3312 1035 3366 maxine
1052 3312 1098 3363 ll·

52 3402 146 3475 selda,
163 3410 294 3471 tamqnam
316 3399 428 3470 speciem
443 3399 575 3465 πίστεως,
592 3406 735 3468 tractasse,
754 3400 878 3469 qnoniam
894 3398 957 3455 hasa
974 3401 1097 3454 tractatio

50 3493 171 3549 νείκους
195 3490 281 3544 minna
313 3487 459 3542 offenderet
482 3484 630 3551 Hebraeos,
657 3483 759 3557 iisqne,
782 3484 865 3541 multa
887 3485 920 3539 oh
942 3483 1095 3565 religionen

49 3575 229 3635 Christianam
248 3576 346 3647 passis,
363 3575 436 3629 valde
453 3572 526 3626 utilis
544 3581 620 3624 esset·

82 3664 161 3739 (37)
184 3663 305 3718 Fortasse
322 3661 371 3716 hae
388 3659 499 3713 formula
516 3668 607 3710 auctor
624 3656 738 3727 respexit
761 3658 794 3714 etl
814 3656 874 3713 nile
896 3658 969 3714 θοοῦ
993 3650 1096 3742 iisse,

47 3770 96 3826 per
113 3767 190 3824 qnam
206 3750 276 3805 Dens
293 3749 380 3805 omnia
397 3744 488 3800 iecisse
509 3744 605 3800 dieitur
621 3741 746 3817 Heln-1,
763 3765 788 3803 a.
805 3746 831 3804 5.
