2604 4740
669 364 926 452 (16²l·

234 569 332 624 tenus
355 551 481 628 delevit
501 551 519 629 i
537 551 691 634 παρουσία
714 555 770 627 τοῦ,
787 551 933 634 ’σώματος
954 551 1008 623 tal
1027 552 1044 622 l
1062 552 1157 636 ulnae
1176 554 1260 641 deod

226 670 388 754 tramea,-
400 662 568 746 eifuerit‚
588 678 630 728 ut
643 663 717 757 ipse
736 662 864 732 fatetur
884 664 1056 753 apostolus
1078 687 1098 735 2
1117 669 1256 755 Conx,

231 807 286 854 no.
340 780 414 848 Cir.
435 779 642 865 interpretes
670 775 714 842 ad
743 776 837 847 hunc
858 778 974 847 locum
996 795 1032 847 et
1054 780 1254 871 potissimum

227 895 499 966 Moshemius
534 890 748 976 Erklt'irung
770 894 834 960 dae
862 909 1022 983 rweyleu
1049 895 1198 983 Bnefes
1217 923 1253 967 er

226 1012 290 1078 die
313 1006 543 1086 Corinthia,
566 1001 766 1071 Kleulter
787 1004 812 1077 l,
827 1006 852 1075 l.
876 1009 920 1073 Τ.
932 1008 997 1076 111.
1015 1008 1252 1100 abluitione).

220 1164 223 1169 ,
271 1123 349 1193 Istis
371 1121 475 1208 igitur
494 1117 689 1194 illecebris,
722 1142 810 1210 quae
830 1119 960 1191 animoa
978 1121 1181 1193 auditorum
1199 1149 1251 1215 po·

228 1240 395 1308 tissimum
415 1231 630 1324 permulcere
653 1230 787 1316 solent,
817 1233 941 1309 Peolue
970 1234 1156 1305 durumne
1175 1237 1250 1324 fait,

226 1355 313 1421 hinc
338 1373 410 1416 non
431 1344 563 1435 placuit
584 1342 791 1431 Corinthiis,
815 1346 899 1418 binc
920 1350 995 1419 aliis
1014 1372 1046 1418 e.
1059 1369 1094 1436 g.
1115 1353 1251 1444 Apollo·

226 1468 288 1538 nio
306 1458 521 1556 posthabitus
541 1475 612 1538 est,
644 1484 850 1553 quamquam
870 1478 1111 1548 argumentum
1130 1467 1250 1533 oratio·

227 1604 313 1652 num
332 1577 376 1645 ab
397 1573 552 1666 apostolo
571 1573 768 1643 habitarum
785 1573 840 1644 rel
856 1573 1064 1665 scriptarum
1086 1576 1137 1647 ita
1160 1602 1248 1649 eom·

224 1708 388 1787 paratum
403 1704 510 1768 esset,
532 1705 572 1757 nt
587 1688 728 1757 dicendi
747 1686 796 1759 vis
813 1705 849 1757 et
867 1687 1053 1759 dexteritate
1069 1692 1171 1762 nullo
1185 1714 1251 1763 mo·

225 1809 274 1878 do
296 1805 564 1875 desideraretur.
607 1803 807 1890 Longinus,
828 1802 857 1869 ai
878 1827 963 1893 quas
982 1807 1155 1876 orauere·
1172 1808 1253 1877 Pauli

225 1922 334 2005 vidit,
357 1920 526 2014 scriptae,
548 1939 636 2010 qnae
657 1941 753 1985 nnnc
770 1916 973 2005 deperditae
989 1935 1093 2005 sunt,
1109 1921 1211 2006 vidit,
1224 1941 1253 1992 et

224 2039 271 2109 ob
292 2037 433 2107 illarum
460 2048 716 2116 argumentum,
741 2032 797 2099 vel
826 2032 927 2099 eliam
953 2035 1192 2105 tantummodo
1215 2038 1253 2107 ob
1289 2106 1293 2129 ι

222 2165 462 2244 argumentum
486 2145 708 2236 epistolarum
733 2143 976 2231 Paulinarum,
1010 2169 1091 2217 eum
1123 2152 1254 2244 optimi·
1291 2240 1293 2249 Ι

223 2269 393 2349 Graeciae
410 2260 601 2332 oratoribus
623 2261 870 2329 annumeravit.
1051 2350 1053 2355 Δ
1291 2266 1294 2323 l

263 2385 450 2451 'Caeterum
468 2374 582 2443 adhuc
597 2372 830 2442 annotandum
845 2388 920 2452 est,
942 2375 1047 2443 verba
1059 2378 1181 2449 ultima
1190 2379 1256 2449 hu·

223 2502 279 2588 jus
292 2490 474 2581 lragmenti
486 2489 531 2558 de
549 2487 656 2557 Paulo
677 2488 840 2556 Tursenti
862 2514 880 2556 e
903 2489 1061 2557 Fabricio
1079 2509 1116 2561 et
1135 2495 1257 2563 Ruhn-
1291 2450 1294 2619 ἑ

138 2628 140 2635 ’
222 2613 344 2687 honio,
376 2605 432 2674 c'ui
460 2603 569 2672 etiem·
592 2600 848 2670 Thalemanuus
877 2603 916 2668 in
943 2603 1189 2679 Dissertatione
1218 2607 1259 2677 de

220 2723 328 2795 Paulo
347 2745 418 2789 non
448 2720 601 2799 Graece,
631 2715 692 2783 sed
717 2715 857 2783 Judaice
879 2717 982 2786 docto
1005 2718 1254 2809 adstipulatur,

220 2865 288 2932 pro
314 2837 440 2927 spuriis
466 2849 544 2900 eta
567 2830 764 2898 Christiano
794 2827 945 2918 quodem
972 2829 1100 2901 additia
1125 2835 1253 2907 heberi·

223 2954 329 3044 Quod
352 2953 408 3018 vix
428 2944 524 3015 credi
546 2960 681 3034 potest,
712 2967 791 3011 cum
811 2944 875 3011 ista
901 2946 1006 3015 verba
1024 2948 1177 3020 animum
1193 2949 1257 3028 ede

220 3156 411 3182 β-ἠ-

257 3275 330 3365 (io)
346 3289 458 3344 Omnino
473 3283 523 3341 hoe
538 3287 595 3341 loeo
613 3287 757 3342 nomnium
770 3298 830 3357 eet,
847 3304 906 3342 cum
915 3287 979 3341 olim
989 3284 1105 3360 mulcet
1120 3289 1261 3347 milduni

219 3393 247 3438 et
264 3377 425 3449 eloquentiae
444 3374 516 3428 Pauli
528 3373 638 3428 nimium
651 3374 812 3444 tribuerent,
827 3393 937 3445 eumque
951 3375 1116 3446 polyhistore
1133 3377 1261 3444 iacerent,

219 3469 377 3524 recentiores
402 3463 533 3529 theologos
556 3461 616 3514 iude
638 3479 654 3513 a
678 3460 849 3515 Thelemanni
874 3461 1035 3532 temporibus
1057 3463 1085 3518 iu
1105 3467 1263 3521 contrariam

220 3554 377 3611 sententiam
401 3551 516 3619 delapsos
537 3547 605 3615 iusto
631 3548 716 3603 minut
735 3548 875 3602 eruditioni
900 3560 926 3603 et
949 3550 1114 3620 eloquentiae
1136 3552 1261 3608 Paulinae

221 3640 385 3698 muressisse.
419 3637 451 3691 ln
466 3633 582 3704 Epistola
598 3633 631 3687 ad
647 3634 774 3690 Romanor
789 3647 816 3689 et
830 3634 912 3704 priori
928 3634 962 3688 ad
976 3634 1128 3694 Corinthios
1149 3650 1204 3695 ten
1220 3640 1265 3695 ln·

222 3726 324 3783 eatam
341 3725 458 3780 Graecae
476 3733 503 3776 et
515 3720 695 3792 philosophiae
711 3734 739 3778 et
754 3721 914 3793 eloquentiae
934 3723 1045 3792 uestigia
1065 3737 1171 3798 extant,
1186 3739 1218 3782 ut
1233 3727 1265 3782 de

221 3814 367 3870 eruditione
382 3809 457 3865 Pauli
474 3808 575 3863 Graeca
597 3809 684 3879 aliqua
700 3829 779 3880 eaque
798 3826 849 3862 noo
865 3808 964 3877 vulgari
980 3812 1021 3865 tir
1041 3811 1158 3867 dubitari
1173 3815 1263 3884 poerit.

221 3901 299 3968 Quod
319 3902 415 3956 attinet
428 3897 461 3951 ad
481 3896 535 3966 ejue
552 3893 746 3966 eloquentiam,
764 3895 981 3967 chrysostomus,
998 3896 1106 3952 idoneus
1125 3899 1205 3970 brine
1224 3902 1263 3957 rei

221 3987 336 4059 arbiter,
359 3987 444 4056 magui
461 3984 524 4038 iaeit
541 3981 714 4052 eloquentiam
730 3976 882 4051 Paulinam,
898 3995 968 4038 etex
982 3986 1039 4042 het.
1054 3981 1131 4056 xw,
1144 4004 1180 4044 υ
1196 4000 1264 4044 reete

219 4074 336 4150 calluit,
352 4091 403 4130 non
419 4071 516 4144 absque
530 4085 608 4126 muse
622 4070 752 4141 Lycaones
767 4068 845 4123 t’aulo
860 4086 953 4126 nonen
967 4070 1095 4130 lhereurli
1109 4073 1228 4133 deditos·
