2604 4740
624 392 805 537 ‹102‘›

206 635 261 706 >sd
280 633 371 718 rinno
391 630 600 719 κριθήσονται,
623 628 687 697 ubi
708 632 760 702 nt
780 626 874 696 idem
896 642 947 696 est
971 648 1011 695 uc
1026 626 1126 701 md.
1161 623 1238 700 co.

210 746 339 822 Wuhl
368 746 468 812 Tom.
488 745 525 829 1,
548 746 624 834 274·

265 861 357 929 Haec
390 857 633 949 interpretatio
673 861 726 930 tn
764 858 943 943 πνεύματος
983 857 1104 928 otiosior
1135 849 1244 928 “etium

211 973 286 1043 eliis
311 973 396 1042 locis
424 973 624 1063 Scripturas
646 995 760 1039 sacrae
785 968 1038 1040 accommodata
1066 986 1140 1058 est3
1164 992 1243 1038 num

141 1163 145 1180 ⁶
212 1088 346 1180 quoties
372 1113 391 1156 s
417 1086 556 1155 Christo
581 1087 658 1177 ipso
679 1086 829 1171 dicitur,
858 1086 994 1169 omnia,
1023 1108 1111 1176 quae
1141 1081 1186 1150 de
1212 1104 1245 1151 so

209 1203 248 1272 iu
279 1201 378 1270 libris
404 1201 655 1293 prophetarum
681 1202 813 1294 scriptu
844 1201 945 1289 sint,
978 1196 1244 1270 consummandi

208 1321 299 1388 esse!

252 1427 325 1499 Sed
347 1429 426 1518 jure
446 1428 645 1520 quaeritur,
666 1453 730 1499 cur
752 1445 872 1499 auctor
895 1429 1135 1518 minuisses
1167 1448 1246 1495 cou-

212 1558 266 1611 tre
288 1564 425 1609 omnem
446 1539 484 1610 S.
505 1538 540 1610 S.
563 1567 681 1629 usum,
703 1553 830 1632 nerins
844 1549 968 1628 fairinos
990 1541 1247 1614 nominaverit?

193 1640 323 1728 'Valde
344 1652 527 1750 probabile
550 1673 625 1742 est,
647 1677 820 1728 auctorem
840 1661 907 1731 hoc
936 1661 1043 1732 verbo
1061 1659 1106 1727 ad
1129 1663 1247 1746 sinas·

210 1776 307 1860 μένην
326 1769 381 1841 vel
391 1770 521 1858 fatum
542 1770 736 1842 Stoicorum
756 1780 964 1871 respexisse,
986 1772 1083 1865 quod
1106 1769 1250 1864 quidem

211 1911 254 1956 ex
282 1887 429 1957 decretis
457 1909 576 1954 eorum
596 1913 617 1953 e
639 1891 711 1956 Deo
732 1889 902 1961 diversum
924 1903 997 1972 est,
1029 1884 1091 1955 sed
1118 1884 1251 1981 saepius

211 2001 315 2071 etiem
336 2002 491 2074 Dentes
506 2008 664 2094 spiritus
677 2006 755 2074 Dei
769 2018 923 2072 vocetur.
967 2000 1162 2069 Diversum·
1176 2013 1249 2084 est,

211 2118 379 2209 inquam,
407 2117 516 2186 fatum
540 2145 560 2186 u
584 2120 685 2202 De03
715 2119 764 2183 sic
791 2116 885 2215 euipr
911 2115 1018 2183 hebet
1047 2116 1182 2183 Seneca
1212 2110 1252 2180 iu

212 2230 304 2300 libro
320 2231 365 2300 de
388 2234 487 2302 Prot.
510 2233 562 2301 Vs
599 2261 618 2306 tt
635 2230 699 2298 ille
720 2232 872 2299 omnium
895 2230 1055 2299 conditor
1076 2252 1116 2297 rc
1136 2243 1254 2296 rector

212 2346 352 2434 scripsit
375 2345 521 2437 quidem
551 2343 641 2426 sata,
671 2344 733 2411 sed
758 2345 936 2435 sequitur,
968 2368 1105 2436 semper
1131 2359 1254 2433 peret,

195 2447 319 2524 ‘semel
341 2456 479 2547 jussit.'’
523 2456 594 2524 Sed
617 2450 748 2552 saepius
771 2459 873 2524 etiam
891 2457 999 2526 istum
1018 2482 1039 2523 a
1057 2454 1181 2524 Stoicis
1196 2478 1257 2524 vo·

204 2574 311 2636 'cetur
323 2570 428 2638 Dens
444 2570 497 2642 vel
517 2572 674 2660 spiritus
694 2570 834 2661 quidam
847 2572 934 2638 Dei.
969 2572 1099 2639 Seneca
1121 2570 1167 2638 de
1179 2573 1253 2639 tte·

214 2683 285 2753 nef.
307 2685 379 2767 tv,
402 2708 446 2774 7²
480 2686 663 2776 «Quoties
682 2683 793 2769 voles,
815 2686 949 2774 iuquit,
973 2686 1037 2754 tibi
1055 2684 1135 2752 licet
1153 2684 1255 2753 aliter

212 2795 309 2866 huuc
330 2814 504 2866 auctorem
524 2823 640 2866 rerum
659 2816 694 2866 et
714 2814 912 2866 naturarum
931 2799 1124 2893 appellere3
1140 2815 1176 2868 et
1193 2800 1254 2868 Jo·

214 2932 292 2978 tem
323 2910 420 2978 illum
445 2911 635 3000 optimum,
663 2913 859 2976 maximum.
904 2913 1005 2980 Hune
1029 2912 1199 3000 eundem,
1222 2914 1252 2983 si

212 3026 335 3113 latum
351 3025 501 3106 dixeris,
522 3043 593 3088 non
612 3027 801 3089 mentieris.
838 3027 924 3092 Nam
942 3051 1018 3094 cum
1036 3032 1144 3098 fatum
1163 3032 1254 3100 nihil

216 3136 310 3206 eliud
342 3137 406 3221 sit,
442 3161 545 3229 quam
575 3139 677 3201 series
708 3136 857 3226 implexa
891 3162 1085 3228 causarum,
1114 3145 1253 3215 ille-est

215 3252 328 3346 prima
368 3249 521 3317 omnium
561 3272 682 3333 causa,
716 3274 757 3317 ex
786 3274 854 3340 qua
888 3270 1020 3322 ceterae
1055 3238 1257 3345 penderet

218 3364 434 3458 Chrysippus
453 3363 562 3431 fctum
580 3386 652 3431 esse
674 3361 764 3430 dixit
788 3369 917 3450 δύναμιν
934 3377 1147 3454 πνευματικὴν
1162 3376 1255 3460 τέξει

215 3489 271 3556 τοῦ
302 3485 418 3557 παντὸς
448 3483 650 3562 iterunsntis,
678 3480 750 3546 vim
778 3483 1007 3568 spiritualem
1035 3487 1163 3554 ordine
1187 3490 1259 3557 ltoo

217 3599 423 3666 universum
443 3593 705 3681 gubernantem
727 3593 829 3680 (32).
886 3593 1051 3688 Idemque
1083 3597 1149 3666 alio
1175 3599 1258 3671 loco

218 3711 327 3779 fatum
352 3709 444 3776 dixit
461 3710 553 3790 λόγον
570 3711 666 3779 ἀΐδιον
685 3717 742 3787 τῆς
764 3712 902 3796 espossiae
925 3714 987 3798 (55
999 3713 1024 3799 ).
1055 3713 1189 3783 Seneca
1209 3717 1256 3786 de

217 3889 428 3912 Μ

251 3993 326 4068 (32)
344 3993 400 4052 ctr.
416 3995 556 4068 Lipsius
581 3999 614 4052 de
639 3997 810 4052 Constantia
829 3971 935 4068 tint,
955 4001 994 4057 ιθ.
1017 3997 1083 4052 hauc
1104 4010 1131 4054 et
1144 4018 1261 4075 κφκῃ-

217 4091 270 4137 teu
289 4080 466 4137 definitionem
484 4085 534 4139 frti
553 4103 567 4140 e
584 4083 695 4138 Gellii
713 4087 752 4142 N.
768 4087 807 4140 A.
824 4083 881 4142 tit.
893 4083 939 4142 vt.
956 4085 1063 4156 profert.

253 4171 315 4241 (35)
333 4169 389 4226 ctr.
405 4171 545 4242 Lipsius
568 4172 657 4246 rins.
672 4173 758 4230 stote.
774 4168 833 4230 tit.
848 4169 879 4238 t,
902 4183 940 4232 ιι.
967 4171 1013 4228 uti
1031 4193 1061 4230 es
1077 4174 1191 4232 sotto
1214 4178 1259 4236 itis

217 4251 315 4311 similis
332 4257 508 4328 proteruntur.
