2604 4740
643 441 828 538 aaa)

225 641 318 710 mine
345 634 511 722 fatorum,
546 634 584 700 in
616 647 687 723 quo
712 632 880 718 cujusque
917 624 985 692 fata
1015 621 1149 712 scripta
1176 639 1243 692 sunt

228 756 284 824 Pa.
305 749 586 834 cxxxlx,‚1s.
632 746 723 813 Hine
739 764 811 810 non
831 754 991 816 voratus,
1013 735 1073 803 sed
1093 736 1192 830 prior
1209 737 1244 805 ad

226 882 372 939 mortem
398 860 612 931 subeundam
634 857 763 937 adsuit,
785 856 870 920 hine
897 850 1012 918 dicere
1031 853 1167 943 potuita
1190 851 1246 938 „itt

227 988 281 1053 roi
302 986 449 1061 sotim,
472 980 486 1048 ὃ
509 979 593 1056 dede,
616 976 652 1043 τὸ
674 975 794 1056 θέλημά
816 997 879 1040 σου.

267 1095 310 1162 In
327 1117 375 1162 vs.
391 1115 433 1180 27
454 1090 614 1176 leguntur
632 1087 735 1153 haece
759 1085 836 1155 Καθ’
858 1085 925 1154 ὅσον
944 1083 1107 1154 ἀπόκειται
1125 1096 1191 1172 τρῖς
1204 1085 1249 1155 dt·

225 1212 347 1298 θρώποις
369 1206 460 1290 ἅπαξ
475 1208 661 1285 ἀποθανεῖν,
684 1186 769 1288 perd
790 1205 822 1272 δὲ
842 1207 930 1271 τοῦτο
944 1204 1050 1286 κρίσις.
1095 1195 1250 1265 Schola

220 1323 262 1391 in
283 1321 427 1388 notarii
457 1317 502 1386 ad
531 1318 624 1384 hune
648 1317 762 1382 locum
789 1319 883 1401 κρίσιν
907 1314 1069 1380 insensu
1094 1311 1254 1381 deteriora

211 1434 425 1504 sumendam
439 1456 510 1501 esse
528 1447 649 1524 putat,
671 1449 710 1497 ut
723 1431 768 1497 sit
786 1428 900 1514 idem,
925 1427 1019 1520 quod
1039 1429 1167 1506 xitum
1185 1426 1254 1501 att·
1294 1510 1296 1521 Ι

223 1576 306 1633 troes
332 1550 387 1614 oui
408 1545 609 1619 Wablius
630 1548 730 1613 etiam
748 1543 785 1611 in
808 1545 909 1612 ouva·
925 1547 988 1611 suh
1008 1543 1073 1612 hio
1092 1566 1176 1612 voce
1190 1539 1253 1609 ad·
1293 1588 1296 1595 ·

227 1661 434 1752 stipulatur,
459 1675 493 1728 et
515 1660 675 1748 Biibme
705 1660 743 1724 in
762 1658 786 1727 l.
804 1656 829 1726 l.
858 1681 896 1748 p.
916 1659 991 1727 445.
1042 1658 1257 1750 Quamquam

222 1773 384 1844 lubenter
401 1774 549 1860 largior,
571 1776 637 1843 hoo
657 1798 758 1842 sensu
781 1771 950 1840 deteriore
970 1794 1089 1840 vocem
1108 1775 1205 1860 natea
1219 1772 1257 1840 iu

210 1885 266 1961 Ν.
286 1893 333 1958 Τ.
354 1889 445 1958 etin
466 1889 621 1980 Epistola
642 1887 685 1954 ad
712 1889 884 1954 Hebraeos
906 1886 990 1973 (X,
1015 1898 1081 1974 ιγ’,
1105 1887 1174 1977 50)
1195 1907 1256 1954 ro-

221 2005 354 2096 periri,
384 2004 452 2073 hou
479 2020 591 2073 tamen
620 2000 697 2071 loco
726 2002 770 2068 ob
806 2017 1003 2069 contextum
1022 2024 1123 2068 sensu
1146 2000 1262 2070 latiori

221 2118 424 2214 accipienda
444 2141 517 2185 esse
540 2117 686 2186 videtur.
742 2117 959 2207 Comparatio
978 2115 1020 2183 ab
1042 2130 1182 2184 auctore
1205 2115 1259 2186 iu-

144 2262 146 2269 ’
222 2234 374 2300 stituitur
400 2232 454 2298 bis
479 2232 616 2300 verbise
653 2229 952 2319 Quemadmodum
976 2231 1013 2297 in
1034 2229 1114 2298 fatis
1136 2233 1255 2300 bomi-

223 2372 308 2416 num
321 2364 393 2433 est,
415 2344 518 2414 semel
532 2360 666 2410 tantum
683 2362 847 2430 mortem,
871 2364 942 2413 tum
959 2369 1039 2415 vero
1057 2350 1171 2435 κρίσιν,
1193 2349 1256 2435 ju·

221 2461 352 2528 dicium
369 2460 509 2544 subire;
530 2460 577 2527 ita
596 2460 773 2543 Christus,
795 2477 979 2552 postquam
1000 2462 1104 2528 semel
1120 2462 1259 2531 oblatus

222 2590 276 2641 est
297 2572 342 2640 ad
361 2571 514 2642 tollenda
533 2572 719 2642 multorum
739 2591 898 2665 peccata,
921 2574 1074 2643 secunda
1091 2577 1165 2646 viee
1182 2579 1256 2646 Iao·

220 2688 377 2757 minibus
391 2691 512 2778 ἰΡιιιηι
525 2689 796 2778 expectantibus
811 2692 1014 2783 apparebit,
1036 2714 1258 2783 nequaquem

219 2819 260 2870 ut
278 2820 420 2895 peccata
439 2827 557 2870 eorum
582 2804 721 2893 expiet,
751 2806 812 2872 sed
840 2803 982 2872 salutem
1006 2806 1048 2873 iis
1071 2804 1250 2892 largiatur·

219 2915 258 2984 si
283 2916 346 2983 sub
373 2940 455 2984 voce
475 2921 570 3003 κρίσις
590 2919 759 2984 sententia
779 2918 1056 2988 condemnatoris
1072 2934 1106 2988 et
1124 2924 1254 3004 uitam

216 3026 444 3116 intelligenda
461 3045 571 3115 esset3
603 3030 649 3098 ita
668 3033 956 3120 comparationem
977 3036 1067 3100 inter
1095 3034 1252 3104 homines

218 3142 321 3211 morti
344 3160 380 3212 et
398 3145 410 3230 j
417 3141 529 3211 udicio
553 3143 716 3211 obnoxios
736 3161 771 3212 et
790 3147 964 3214 Christum
983 3148 1162 3217 instituere
1179 3149 1248 3217 de·

221 3255 352 3325 buisset
367 3274 506 3341 auctor,
528 3275 567 3325 ut
582 3257 735 3336 diaerett
755 3261 851 3327 Jesus
866 3264 974 3351 prima
993 3263 1066 3330 viee
1084 3265 1249 3356 apparuit

221 3370 440 3457 hominibus,
470 3387 510 3437 ut
538 3394 573 3439 se
604 3373 775 3443 victimam
804 3373 964 3459 offerret,
993 3377 1145 3445 secunda
1171 3378 1247 3447 vice

222 3484 426 3576 apparebit,
447 3504 487 3553 ut
502 3487 655 3556 homines
672 3488 886 3567 refractarios
905 3489 1036 3578 puniat.
1070 3492 1162 3577 Ergo
1176 3495 1250 3578 xpl-

222 3627 269 3681 σις
283 3599 474 3667 seeundum
494 3616 691 3696 eontextum
710 3603 824 3670 latiori
844 3628 944 3671 sensu
957 3604 1158 3694 accipienda
1173 3622 1250 3690 est,

221 3730 261 3781 ut
280 3713 470 3802 judicium,
493 3715 585 3804 quod
609 3715 804 3784 hominibus
825 3735 903 3808 post
924 3737 1067 3787 mortem
1088 3720 1249 3786 subeun-

222 3823 307 3893 dum
323 3844 394 3912 eat,
416 3829 453 3895 in
472 3828 668 3898 universum
685 3829 844 3911 denotet,
869 3837 921 3921 cuj
929 3859 965 3900 us
985 3856 1199 3927 consequens
1217 3851 1255 3902 et

221 3943 371 4028 praemia
395 3960 530 4011 aeterna
549 3961 584 4011 et
602 3968 732 4033 poenae
755 3964 911 4015 aeternae
928 3965 1022 4032 sunt,
1045 3949 1092 4015 ita
1112 3963 1151 4014 ut
1172 3946 1251 4017 dies

224 4053 343 4122 mortis
361 4079 426 4145 pro
448 4057 648 4138 decretorio
668 4062 745 4146 die,
770 4087 875 4155 aquo
900 4086 971 4131 sors
990 4061 1136 4153 cujusvis
1153 4063 1248 4151 pen'v
