2604 4740
550 352 734 442 l12⁰l

123 550 206 616 uero
225 536 373 632 peritos,
396 535 433 603 in
451 559 572 604 arcane
588 554 730 605 naturae
749 530 860 602 libens
881 532 979 601 ducit
1000 567 1052 603 -.
1099 529 1167 619 Sios

124 651 263 742 itaque,
284 651 433 735 Marcia,
455 667 488 718 tc
510 675 609 737 gere,
643 668 813 738 tamquam
833 650 895 714 sub
920 647 1027 715 oculis
1046 647 1170 740 patris.

125 763 258 856 filiique
279 765 413 854 posita,
436 788 504 831 nou
521 765 678 846 illorum,
701 787 785 852 quos
801 785 962 846 noveras,
986 758 1174 857 scitante,
1212 814 1214 819 .

125 876 406 950 excellentiorum
422 895 457 944 et
475 878 511 944 in
528 902 658 946 summo
673 877 882 960 locatorum3
907 876 1067 944 erubesce
1088 887 1174 949 tuos,

126 991 166 1057 in
188 987 306 1057 melius
323 1007 467 1059 mutatos
489 991 584 1059 llere.
606 1029 648 1046 -
670 993 775 1073 Puta,
798 1014 839 1057 cx
853 988 912 1057 illa
928 1009 1008 1055 arce
1026 983 1176 1055 coelesti

123 1118 260 1193 petrem
277 1118 374 1178 tuum
394 1139 437 1159 -
456 1101 595 1176 diceres
619 1105 690 1174 Cur
710 1122 765 1187 te,
789 1102 881 1186 tilia,
904 1117 974 1172 tam
990 1100 1093 1186 longa
1111 1114 1173 1167 tc·

130 1230 190 1291 net
204 1216 379 1304 aegritudo
389 1219 412 1287 i.
431 1217 501 1287 Cur
512 1219 632 1311 inique
652 1235 767 1287 actum
786 1253 830 1273 ··
849 1215 983 1303 judicas
1001 1237 1079 1282 cum
1095 1207 1184 1287 filio,

131 1344 213 1423 tno,
236 1328 331 1423 quod
350 1329 394 1397 cd
416 1335 557 1418 majores
580 1355 655 1400 suos
676 1356 711 1400 se
730 1329 888 1420 reecpit?
906 1330 929 1361 ’⁹

159 1442 236 1541 ‚⁵5⁰
254 1446 355 1512 ctiam
374 1446 554 1529 Lucanus,
577 1445 692 1512 fratris
715 1445 887 1528 Senecae,
910 1438 1043 1511 Annaei
1059 1435 1185 1510 Meloe.

50 1632 53 1640 ,
135 1556 250 1636 filius,
277 1557 412 1626 Stoicae
424 1557 684 1647 philosophiae,
707 1562 796 1627 sicut
810 1576 974 1649 patruus,
993 1551 1185 1644 addictus,

134 1669 292 1763 Pompeji
313 1670 483 1754 animum,
505 1688 585 1761 post
614 1666 831 1767 combustum
861 1674 898 1739 in
924 1691 1006 1756 rogo
1020 1687 1150 1756 corpus
1164 1708 1190 1758 ,¹-

137 1783 258 1877 sltiora
278 1799 454 1874 petentem
476 1784 642 1854 describit
662 1780 813 1855 Pharsal.
836 1786 910 1870 lX,
936 1807 1055 1873 1-92

176 1903 227 1967 At
247 1920 317 1967 non
337 1900 375 1966 in
396 1899 519 1993 Pharia
539 1922 654 1969 manes
676 1901 811 1988 jacuere
831 1899 971 1990 favilla,
1124 1889 1133 1899 ⁵

177 2012 251 2082 Nec
273 2010 357 2078 cinis
381 2015 518 2101 exiguus
541 2031 670 2082 tantam
692 2014 900 2103 compescuit
922 2011 1103 2093 umbram

181 2125 345 2195 Prosiluit
365 2124 485 2211 busto,
507 2128 735 2215 semiustaque
756 2127 910 2195 membra
928 2124 1131 2214 relinquens

138 2241 461 2357 Degeneremque
481 2262 621 2327 rogum,
644 2242 801 2332 sequitur
820 2259 967 2308 convers
985 2235 1190 2338 sonantis,

138 2328 265 2442 Qua
286 2353 385 2442 niger
407 2352 569 2421 astriferis
592 2358 808 2431 connectitur
831 2355 950 2423 axibus
972 2361 1055 2436 air,

185 2469 335 2558 Quaque
356 2481 452 2558 petet
474 2482 581 2538 terras
603 2468 693 2534 inter
716 2469 884 2559 lunaeque
905 2480 1060 2549 meatus,

188 2581 282 2676 Semi
303 2580 362 2646 dci
381 2603 494 2649 manes
515 2580 694 2661 habitant,
720 2607 804 2673 quos
825 2582 924 2667 ignca
944 2582 1073 2664 virtus,

186 2695 359 2763 Innocuos
379 2694 468 2778 vita,
491 2697 661 2787 patientes
682 2697 827 2764 aetheris
850 2698 914 2764 imi,

188 2808 307 2894 Fecit,
330 2825 365 2875 et
385 2826 539 2880 aeternos
560 2810 704 2876 animam
727 2808 864 2897 collegit
884 2812 922 2876 in
945 2809 1057 2896 orbes,

192 2923 281 2994 Cum
304 2921 460 3011 nuspiam
487 2921 566 2989 alias
589 2923 625 2996 iu
644 2925 688 2991 N.
711 2927 776 3003 T„
800 2949 845 2991 nc
867 2940 1010 3014 excepta
1043 2916 1192 3010 quidem

147 3033 383 3130 Apocalypsi,
404 3035 499 3102 sedes
528 3036 725 3116 beatorum,
755 3037 964 3128 myriadibus
990 3034 1192 3122 angelorum

153 3169 189 3240 et
212 3150 436 3224 humanarum
456 3151 644 3219 animarum
663 3151 832 3240 repletae,
853 3152 916 3217 Dei
931 3153 1035 3244 ipsius
1053 3165 1091 3215 et
1104 3149 1192 3218 lesu

155 3264 287 3334 Christi
304 3261 530 3347 domicilium,
553 3264 600 3330 ita
614 3264 875 3348 describantur,
896 3265 983 3331 utin
1001 3263 1066 3330 hoc
1089 3261 1198 3356 loco,

156 3397 191 3460 at
212 3377 335 3448 similes
360 3377 610 3467 descriptiones
634 3376 804 3447 Domicilii
830 3376 982 3445 coelestis
1006 3378 1049 3442 ab
1069 3373 1189 3442 omni·

155 3496 221 3560 irus
245 3491 431 3559 sanctitatis
457 3491 545 3558 vitae
578 3494 829 3561 studiosissimis
857 3494 937 3559 olim
971 3484 1194 3557 inhabitandi

158 3607 251 3698 apud
274 3604 404 3673 stoicos
425 3620 460 3669 et
477 3605 558 3670 alios
579 3606 809 3698 philosophos
823 3607 975 3674 ethnicos
1000 3603 1190 3692 reperim-2

161 3737 217 3797 tur
240 3719 348 3820 (ifle
373 3716 651 3816 verisimillimum
679 3737 751 3804 est,
772 3738 945 3790 auctorem
974 3734 1131 3787 nostrum
1152 3715 1199 3804 itt,

195 3998 268 4070 (44)
286 3998 381 4056 Mum
400 4016 457 4076 eti,
475 4004 503 4059 in
522 4003 626 4059 Somnio
644 4007 792 4080 Scipionis,
810 4013 837 4063 in
853 4004 1049 4081 Consolatione,
1066 4018 1132 4074 quta
1150 4001 1214 4090 (ii-k

160 4088 248 4176 perosi
251 4083 435 4173 adscribitur,
453 4103 479 4146 ct
495 4092 522 4145 in
538 4089 729 4178 Platonicorum
745 4097 847 4168 scriptis
864 4084 961 4152 similia
966 4091 1097 4175 reperiri·

354 4362 376 4399 φ.
