2604 4740
493 115 645 203 (77)

50 299 195 368 ultimus
218 296 387 365 cervicem
408 295 615 384 praeberet?
661 295 758 387 Idem
777 296 928 368 facimus.
968 303 1090 388 Magno

56 410 290 491 aestimamus,
314 407 443 475 tardius
458 414 556 476 mori.
602 411 644 476 In
668 431 783 476 omnes
804 415 1026 481 constitutum
1042 429 1095 480 est

58 520 202 614 capitale
224 518 453 610 supplicium,
468 537 502 586 et
520 516 662 611 quidem
680 519 921 587 constitutione
938 525 1090 609 justissi-

56 637 145 703 ma.’·'
190 636 241 701 De
266 633 406 700 Provid.
432 637 473 702 6³
519 627 773 706 «Contemnite
805 653 969 721 mortem,
1003 661 1090 728 quae

55 771 109 819 ros
133 763 195 814 aut
222 746 301 813 finit
320 761 377 811 aut
395 742 569 810 transfert.
593 771 629 788 ···
649 744 768 833 Ipsum
784 741 891 826 illud,
916 750 1009 840 quod
1028 778 1091 820 vo.

56 876 152 927 cetur
175 859 283 941 mori,
306 880 375 947 quo
401 854 518 952 anima
543 851 693 922 discedit
714 879 734 920 a
765 877 930 945 corpore,
954 864 1093 932 brevius

54 990 104 1047 est
124 995 232 1062 quam
254 987 294 1036 ut
323 967 443 1036 sentiri
471 983 566 1035 tanta
592 967 751 1037 velocitas
779 974 898 1058 possit.
954 976 1095 1066 Ecquid

53 1082 280 1153 erubescitis?
326 1078 431 1170 Quod
456 1097 524 1147 tam
553 1082 622 1149 cito
653 1083 714 1166 fit,
737 1085 861 1151 timetis
884 1083 1005 1183 dint”

96 1196 157 1261 His
173 1212 209 1263 et
228 1191 394 1260 similibus
414 1193 621 1282 argumentis
642 1194 770 1263 Seneca
792 1196 828 1262 in
844 1200 1000 1268 omnibus
1019 1199 1093 1270 fere

54 1306 189 1399 scriptis¹
215 1323 335 1374 contra
359 1324 488 1374 metum
515 1293 636 1375 mortis
659 1311 788 1378 animos
807 1309 976 1383 lectorum
1006 1340 1101 1391 mu-¹

55 1423 127 1497 nire
150 1445 277 1514 eosque
305 1436 477 1510 tamquam
500 1423 673 1510 mancipia
698 1444 808 1493 metus
832 1427 951 1495 mortis
975 1429 1023 1495 in,
1040 1428 1091 1495 li·

56 1536 219 1604 bertatem
257 1559 432 1619 asserere,
473 1535 699 1627 maximopere
735 1539 899 1608 elaborat.
955 1543 1087 1612 Auctor

61 1649 218 1742 epistolae
241 1668 399 1728 nostrae,
423 1649 547 1715 horum
564 1669 828 1741 praeceptorum
847 1656 980 1722 Stoicae
1004 1660 1090 1747 phi-
1166 1736 1168 1743 y
1259 1696 1261 1704 =

62 1762 225 1854 lotophiae
244 1768 491 1851 nauigamus,
517 1764 698 1831 contendit
721 1789 769 1834 vs.
785 1767 825 1834 14
843 1783 878 1832 ct
899 1773 960 1851 15,
982 1773 1091 1839 multo

62 1875 168 1945 melius
197 1898 315 1951 contra
340 1879 459 1945 mortis
485 1893 613 1959 metum
642 1880 771 1947 animos
801 1883 929 1949 muniri
953 1885 1024 1953 fide
1050 1887 1089 1953 in

63 1990 248 2076 Christum,
273 1996 405 2083 quippe
424 1991 492 2082 'qui
519 2007 629 2056 morte
653 2016 713 2056 sua
740 2010 774 2059 et
796 2018 868 2062 eam
887 2016 1001 2065 secuta
1028 2024 1087 2066 re·

64 2109 258 2174 surrectione
277 2124 312 2171 et
337 2107 494 2172 doctrina
517 2116 644 2171 certam
665 2130 761 2192 spem
781 2107 920 2205 alterius
948 2114 1090 2204 eju-sque

66 2218 197 2288 nelio'ris
216 2224 305 2287 vitae
332 2221 430 2286 nobis
463 2217 606 2302 fecerit,
644 2242 752 2308 eaque
776 2224 893 2289 mortis
916 2243 1044 2294 metum
1071 2257 1090 2297 a

68 2335 119 2399 suis
132 2333 264 2402 asseclis
284 2333 489 2428 propulerit.
536 2334 651 2422 Quem
672 2332 868 2426 philosophi
886 2342 1090 2426 primarium

66 2443 151 2514 finem
183 2472 323 2514 suorum
357 2462 619 2538 praeceptorum
651 2460 686 2511 et
718 2447 936 2517 decretorum
962 2453 1083 2520 decla·

67 2578 147 2649 rant3
170 2563 220 2644 is,
242 2564 379 2656 inquit,
402 2579 454 2631 est
475 2563 656 2651 primarius
676 2564 779 2628 etiam
799 2564 878 2630 finis
898 2569 1060 2655 evangelii
1072 2618 1084 2653 ,

67 2693 170 2766 nempe
197 2694 317 2745 contra
343 2678 461 2744 mortis
488 2696 617 2744 metum
641 2678 775 2744 munire
806 2676 972 2774 animos..
1005 2681 1088 2753 Iden

66 2805 161 2856 auctor
186 2790 351 2877 evangelii
382 2793 537 2859 assumsit
562 2807 721 2857 naturam
742 2790 943 2876 humanam,
970 2814 1008 2862 ut
1027 2821 1088 2866 sua

12 2898 15 2955 ἕ
65 2917 268 2986 norteeum,
292 2905 351 2994 qui
378 2907 431 2990 jus
456 2907 548 2975 necis
572 2906 688 2988 habet,
717 2905 908 2973 destrueret
935 2925 969 2974 et
1002 2914 1081 2978 ani·

68 3031 122 3081 nos
143 3018 311 3087 serviliter
336 3036 480 3085 mortem
510 3035 698 3086 metuentes
724 3047 742 3086 a
765 3022 882 3089 mortis
913 3041 1007 3089 metu
1032 3026 1083 3090 li-

11 3130 15 3139 '
66 3123 192 3198 hereret.
237 3134 413 3202 Persuasio
435 3133 478 3198 de
511 3133 700 3204 animorum
725 3133 940 3222 perennitate
964 3156 999 3204 et
1029 3138 1082 3206 al·

10 3238 14 3315 ζ
69 3250 120 3307 tera
147 3268 254 3335 eaque
285 3246 435 3312 beatiore
472 3248 539 3312 vita
569 3264 648 3340 post
679 3243 1083 3338 mortem'expectanda,

68 3372 147 3443 quam
170 3359 310 3431 Christo
337 3359 496 3444 docenti,
520 3361 680 3428 morienti
701 3378 735 3425 et
757 3365 948 3448 resurgenti
970 3364 1081 3434 debe·

66 3481 139 3553 uus,
172 3471 280 3540 multo
314 3474 480 3540 efficacius
519 3499 621 3563 quam
659 3498 861 3568 paraeneses
900 3477 1030 3583 Stoicae
1061 3507 1083 3553 a

64 3583 297 3657 testitimonia
320 3605 412 3654 metu
434 3587 595 3656 liberant.
