<?xml version="1.0" encoding="UTF-8"?>
<!DOCTYPE html PUBLIC "-//W3C//DTD XHTML 1.0 Transitional//EN"
    "http://www.w3.org/TR/xhtml1/DTD/xhtml1-transitional.dtd">
<html xmlns="http://www.w3.org/1999/xhtml" xml:lang="en" lang="en">
 <head>
  <title>
</title>
<meta http-equiv="Content-Type" content="text/html;charset=utf-8" />
  <meta name='ocr-system' content='tesseract 3.04.00' />
  <meta name='ocr-capabilities' content='ocr_page ocr_carea ocr_par ocr_line ocrx_word'/>
</head>
<body>
  <div class='ocr_page' id='page_1' title='image "./vindiciaeorigin00gelpgoog_0229.png"; bbox 0 0 2604 4740; ppageno 0'>
   <div class='ocr_carea' id='block_1_1' title="bbox 554 387 735 475">
    <p class='ocr_par' dir='ltr' id='par_1_1' title="bbox 554 387 735 475">
     <span class='ocr_line' id='line_1_1' title="bbox 554 387 735 475; baseline -0.011 0"><span class='ocrx_word' id='word_1_1' title='bbox 554 387 735 475; x_wconf 76' lang='lat'><strong>(²2²)</strong></span> 
     </span>
    </p>
   </div>
   <div class='ocr_carea' id='block_1_2' title="bbox 122 564 1206 4106">
    <p class='ocr_par' dir='ltr' id='par_1_2' title="bbox 122 564 1175 1696">
     <span class='ocr_line' id='line_1_2' title="bbox 163 564 1173 662; baseline -0.004 -18"><span class='ocrx_word' id='word_1_2' title='bbox 163 574 205 647; x_wconf 74' lang='lat' dir='ltr'><strong>st</strong></span> <span class='ocrx_word' id='word_1_3' title='bbox 218 575 403 662; x_wconf 66' lang='lat' dir='ltr'><strong>disjicitur,</strong></span> <span class='ocrx_word' id='word_1_4' title='bbox 417 569 584 655; x_wconf 80' lang='lat' dir='ltr'><strong>Paulam,</strong></span> <span class='ocrx_word' id='word_1_5' title='bbox 604 569 738 660; x_wconf 86' lang='lat' dir='ltr'><strong>quippe</strong></span> <span class='ocrx_word' id='word_1_6' title='bbox 754 564 933 638; x_wconf 73' lang='lat' dir='ltr'><strong>doctorem</strong></span> <span class='ocrx_word' id='word_1_7' title='bbox 941 569 1124 640; x_wconf 72' lang='lat' dir='ltr'><strong>Iudaicum</strong></span> <span class='ocrx_word' id='word_1_8' title='bbox 1139 588 1173 641; x_wconf 88' lang='lat' dir='ltr'><strong>et</strong></span> 
     </span>
     <span class='ocr_line' id='line_1_3' title="bbox 122 685 1169 769; baseline -0.007 -7"><span class='ocrx_word' id='word_1_9' title='bbox 122 693 271 762; x_wconf 79' lang='lat' dir='ltr'><strong>lectione</strong></span> <span class='ocrx_word' id='word_1_10' title='bbox 287 690 390 757; x_wconf 70' lang='lat' dir='ltr'><strong>tur.</strong></span> <span class='ocrx_word' id='word_1_11' title='bbox 403 688 573 754; x_wconf 82' lang='lat' dir='ltr'><strong>imbutum</strong></span> <span class='ocrx_word' id='word_1_12' title='bbox 584 695 598 769; x_wconf 84' lang='lat'><strong>,¹</strong></span> <span class='ocrx_word' id='word_1_13' title='bbox 611 685 803 751; x_wconf 78' lang='lat' dir='ltr'><strong>accuratius</strong></span> <span class='ocrx_word' id='word_1_14' title='bbox 817 687 1053 753; x_wconf 79' lang='lat' dir='ltr'><strong>oeconomiam</strong></span> <span class='ocrx_word' id='word_1_15' title='bbox 1063 703 1099 755; x_wconf 87' lang='lat' dir='ltr'><strong>et</strong></span> <span class='ocrx_word' id='word_1_16' title='bbox 1115 689 1169 754; x_wconf 86' lang='lat' dir='ltr'><strong>ri-</strong></span> 
     </span>
     <span class='ocr_line' id='line_1_4' title="bbox 125 797 1169 896; baseline -0.002 -22"><span class='ocrx_word' id='word_1_17' title='bbox 125 827 178 876; x_wconf 83' lang='lat' dir='ltr'><strong>tas</strong></span> <span class='ocrx_word' id='word_1_18' title='bbox 208 804 328 896; x_wconf 83' lang='lat' dir='ltr'><strong>templi</strong></span> <span class='ocrx_word' id='word_1_19' title='bbox 352 800 650 892; x_wconf 76' lang='lat' dir='ltr'><strong>Hierosolymitaui</strong></span> <span class='ocrx_word' id='word_1_20' title='bbox 672 797 868 866; x_wconf 78' lang='lat' dir='ltr'><strong>describere</strong></span> <span class='ocrx_word' id='word_1_21' title='bbox 889 801 1066 890; x_wconf 76' lang='lat' dir='ltr'><strong>potuisae3</strong></span> <span class='ocrx_word' id='word_1_22' title='bbox 1103 802 1169 872; x_wconf 90' lang='lat' dir='ltr'><strong>boc</strong></span> 
     </span>
     <span class='ocr_line' id='line_1_5' title="bbox 125 914 1170 1009; baseline -0.007 -19"><span class='ocrx_word' id='word_1_23' title='bbox 125 923 234 1009; x_wconf 68' lang='lat' dir='ltr'><strong>tangit</strong></span> <span class='ocrx_word' id='word_1_24' title='bbox 251 922 352 987; x_wconf 87' lang='lat' dir='ltr'><strong>etiam</strong></span> <span class='ocrx_word' id='word_1_25' title='bbox 372 914 616 1006; x_wconf 71' lang='lat' dir='ltr'><strong>Apollonium,</strong></span> <span class='ocrx_word' id='word_1_26' title='bbox 638 914 691 982; x_wconf 83' lang='lat' dir='ltr'><strong>rel</strong></span> <span class='ocrx_word' id='word_1_27' title='bbox 714 937 956 1004; x_wconf 82' lang='lat' dir='ltr'><strong>quemcunque</strong></span> <span class='ocrx_word' id='word_1_28' title='bbox 979 915 1084 982; x_wconf 89' lang='lat' dir='ltr'><strong>alium</strong></span> <span class='ocrx_word' id='word_1_29' title='bbox 1103 915 1170 984; x_wconf 91' lang='lat' dir='ltr'><strong>do·</strong></span> 
     </span>
     <span class='ocr_line' id='line_1_6' title="bbox 127 1027 1168 1118; baseline -0.005 -16"><span class='ocrx_word' id='word_1_30' title='bbox 127 1055 257 1103; x_wconf 84' lang='lat' dir='ltr'><strong>ctorem</strong></span> <span class='ocrx_word' id='word_1_31' title='bbox 268 1030 564 1114; x_wconf 79' lang='lat' dir='ltr'><strong>Alexandrinum,</strong></span> <span class='ocrx_word' id='word_1_32' title='bbox 587 1031 616 1095; x_wconf 90' lang='lat' dir='ltr'><strong>si</strong></span> <span class='ocrx_word' id='word_1_33' title='bbox 635 1046 754 1096; x_wconf 85' lang='lat' dir='ltr'><strong>auctor</strong></span> <span class='ocrx_word' id='word_1_34' title='bbox 770 1027 932 1118; x_wconf 76' lang='lat' dir='ltr'><strong>epistolae</strong></span> <span class='ocrx_word' id='word_1_35' title='bbox 947 1045 1087 1097; x_wconf 84' lang='lat' dir='ltr'><strong>nostrae</strong></span> <span class='ocrx_word' id='word_1_36' title='bbox 1098 1054 1168 1098; x_wconf 89' lang='lat' dir='ltr'><strong>csse</strong></span> 
     </span>
     <span class='ocr_line' id='line_1_7' title="bbox 125 1142 1171 1241; baseline -0.005 -24"><span class='ocrx_word' id='word_1_37' title='bbox 125 1150 282 1241; x_wconf 76' lang='lat' dir='ltr'><strong>ponitur.</strong></span> <span class='ocrx_word' id='word_1_38' title='bbox 307 1143 535 1214; x_wconf 81' lang='lat' dir='ltr'><strong>Alexandrini</strong></span> <span class='ocrx_word' id='word_1_39' title='bbox 551 1146 645 1210; x_wconf 86' lang='lat' dir='ltr'><strong>euim</strong></span> <span class='ocrx_word' id='word_1_40' title='bbox 661 1142 838 1221; x_wconf 84' lang='lat' dir='ltr'><strong>doctores,</strong></span> <span class='ocrx_word' id='word_1_41' title='bbox 851 1167 960 1233; x_wconf 86' lang='lat' dir='ltr'><strong>aeque</strong></span> <span class='ocrx_word' id='word_1_42' title='bbox 976 1167 1017 1211; x_wconf 86' lang='lat' dir='ltr'><strong>ac</strong></span> <span class='ocrx_word' id='word_1_43' title='bbox 1026 1143 1171 1230; x_wconf 85' lang='lat' dir='ltr'><strong>Paulus,</strong></span> 
     </span>
     <span class='ocr_line' id='line_1_8' title="bbox 128 1256 1175 1352; baseline -0.003 -20"><span class='ocrx_word' id='word_1_44' title='bbox 128 1279 368 1352; x_wconf 60' lang='lat' dir='ltr'><strong>argumentum</strong></span> <span class='ocrx_word' id='word_1_45' title='bbox 389 1256 618 1326; x_wconf 85' lang='lat' dir='ltr'><strong>Pentateuohi</strong></span> <span class='ocrx_word' id='word_1_46' title='bbox 637 1274 764 1324; x_wconf 86' lang='lat' dir='ltr'><strong>norant</strong></span> <span class='ocrx_word' id='word_1_47' title='bbox 783 1274 819 1340; x_wconf 83' lang='lat' dir='ltr'><strong>et</strong></span> <span class='ocrx_word' id='word_1_48' title='bbox 840 1281 928 1346; x_wconf 85' lang='lat' dir='ltr'><strong>quac</strong></span> <span class='ocrx_word' id='word_1_49' title='bbox 952 1257 997 1324; x_wconf 89' lang='lat' dir='ltr'><strong>ad</strong></span> <span class='ocrx_word' id='word_1_50' title='bbox 1019 1281 1175 1329; x_wconf 82' lang='lat' dir='ltr'><strong>normam</strong></span> 
     </span>
     <span class='ocr_line' id='line_1_9' title="bbox 129 1370 1174 1468; baseline -0.001 -23"><span class='ocrx_word' id='word_1_51' title='bbox 129 1383 204 1468; x_wconf 71' lang='lat' dir='ltr'><strong>eim</strong></span> <span class='ocrx_word' id='word_1_52' title='bbox 232 1379 271 1444; x_wconf 87' lang='lat' dir='ltr'><strong>iu</strong></span> <span class='ocrx_word' id='word_1_53' title='bbox 293 1374 427 1466; x_wconf 88' lang='lat' dir='ltr'><strong>templo</strong></span> <span class='ocrx_word' id='word_1_54' title='bbox 453 1371 650 1464; x_wconf 78' lang='lat' dir='ltr'><strong>peragenda</strong></span> <span class='ocrx_word' id='word_1_55' title='bbox 677 1387 803 1439; x_wconf 77' lang='lat' dir='ltr'><strong>essem.</strong></span> <span class='ocrx_word' id='word_1_56' title='bbox 859 1370 1068 1462; x_wconf 82' lang='lat' dir='ltr'><strong>Plerumque</strong></span> <span class='ocrx_word' id='word_1_57' title='bbox 1095 1399 1174 1444; x_wconf 81' lang='lat' dir='ltr'><strong>vcro</strong></span> 
     </span>
     <span class='ocr_line' id='line_1_10' title="bbox 129 1485 1175 1561; baseline -0.003 -1"><span class='ocrx_word' id='word_1_58' title='bbox 129 1491 329 1561; x_wconf 72' lang='lat' dir='ltr'><strong>memoriter</strong></span> <span class='ocrx_word' id='word_1_59' title='bbox 350 1505 384 1556; x_wconf 91' lang='lat' dir='ltr'><strong>et</strong></span> <span class='ocrx_word' id='word_1_60' title='bbox 402 1490 487 1554; x_wconf 86' lang='lat' dir='ltr'><strong>hinc</strong></span> <span class='ocrx_word' id='word_1_61' title='bbox 505 1489 617 1554; x_wconf 83' lang='lat' dir='ltr'><strong>minus</strong></span> <span class='ocrx_word' id='word_1_62' title='bbox 635 1501 753 1554; x_wconf 87' lang='lat' dir='ltr'><strong>exacte</strong></span> <span class='ocrx_word' id='word_1_63' title='bbox 770 1485 868 1554; x_wconf 77' lang='lat' dir='ltr'><strong>libris</strong></span> <span class='ocrx_word' id='word_1_64' title='bbox 888 1488 932 1556; x_wconf 88' lang='lat' dir='ltr'><strong>V.</strong></span> <span class='ocrx_word' id='word_1_65' title='bbox 951 1488 996 1554; x_wconf 87' lang='grc' dir='ltr'><strong>Τ.</strong></span> <span class='ocrx_word' id='word_1_66' title='bbox 1018 1487 1175 1560; x_wconf 88' lang='lat' dir='ltr'><strong>doctores</strong></span> 
     </span>
     <span class='ocr_line' id='line_1_11' title="bbox 131 1602 1129 1696; baseline -0.015 -20"><span class='ocrx_word' id='word_1_67' title='bbox 131 1608 266 1676; x_wconf 66' lang='lat' dir='ltr'><strong>luduici</strong></span> <span class='ocrx_word' id='word_1_68' title='bbox 282 1605 336 1671; x_wconf 89' lang='lat' dir='ltr'><strong>uti</strong></span> <span class='ocrx_word' id='word_1_69' title='bbox 351 1602 517 1670; x_wconf 83' lang='lat' dir='ltr'><strong>solebant.</strong></span> <span class='ocrx_word' id='word_1_70' title='bbox 1126 1690 1129 1696; x_wconf 66' lang='lat'><em>,</em></span> 
     </span>
    </p>

    <p class='ocr_par' dir='ltr' id='par_1_3' title="bbox 134 1712 1180 2497">
     <span class='ocr_line' id='line_1_12' title="bbox 177 1712 1175 1810; baseline 0.001 -22"><span class='ocrx_word' id='word_1_71' title='bbox 177 1723 211 1792; x_wconf 76' lang='lat'><strong>4.</strong></span> <span class='ocrx_word' id='word_1_72' title='bbox 230 1721 397 1810; x_wconf 74' lang='lat' dir='ltr'><strong>Suspecta</strong></span> <span class='ocrx_word' id='word_1_73' title='bbox 416 1715 554 1786; x_wconf 80' lang='lat' dir='ltr'><strong>videtur</strong></span> <span class='ocrx_word' id='word_1_74' title='bbox 576 1712 752 1784; x_wconf 79' lang='lat' dir='ltr'><strong>nonnullis</strong></span> <span class='ocrx_word' id='word_1_75' title='bbox 775 1716 871 1802; x_wconf 81' lang='lat' dir='ltr'><strong>origo</strong></span> <span class='ocrx_word' id='word_1_76' title='bbox 898 1715 1064 1808; x_wconf 80' lang='lat' dir='ltr'><strong>epistolae</strong></span> <span class='ocrx_word' id='word_1_77' title='bbox 1085 1721 1175 1789; x_wconf 83' lang='lat' dir='ltr'><strong>Pau·</strong></span> 
     </span>
     <span class='ocr_line' id='line_1_13' title="bbox 134 1831 1177 1925; baseline 0.003 -21"><span class='ocrx_word' id='word_1_78' title='bbox 134 1835 229 1916; x_wconf 73' lang='lat' dir='ltr'><strong>litua,</strong></span> <span class='ocrx_word' id='word_1_79' title='bbox 252 1833 346 1925; x_wconf 81' lang='lat' dir='ltr'><strong>quod</strong></span> <span class='ocrx_word' id='word_1_80' title='bbox 364 1834 531 1917; x_wconf 72' lang='lat' dir='ltr'><strong>Poritos,</strong></span> <span class='ocrx_word' id='word_1_81' title='bbox 553 1834 709 1902; x_wconf 78' lang='lat' dir='ltr'><strong>Iudaeis</strong></span> <span class='ocrx_word' id='word_1_82' title='bbox 729 1844 768 1899; x_wconf 85' lang='lat' dir='ltr'><strong>et</strong></span> <span class='ocrx_word' id='word_1_83' title='bbox 794 1831 1019 1902; x_wconf 70' lang='lat' dir='ltr'><strong>Christianis</strong></span> <span class='ocrx_word' id='word_1_84' title='bbox 1041 1838 1177 1906; x_wconf 78' lang='lat' dir='ltr'><strong>Polae-</strong></span> 
     </span>
     <span class='ocr_line' id='line_1_14' title="bbox 135 1949 1177 2039; baseline 0.001 -19"><span class='ocrx_word' id='word_1_85' title='bbox 135 1949 358 2020; x_wconf 62' lang='lat' dir='ltr'><strong>astantibus</strong></span> <span class='ocrx_word' id='word_1_86' title='bbox 368 1949 525 2028; x_wconf 73' lang='lat' dir='ltr'><strong>invisus,</strong></span> <span class='ocrx_word' id='word_1_87' title='bbox 544 1970 614 2015; x_wconf 79' lang='lat' dir='ltr'><strong>non</strong></span> <span class='ocrx_word' id='word_1_88' title='bbox 627 1970 742 2014; x_wconf 82' lang='lat' dir='ltr'><strong>curus</strong></span> <span class='ocrx_word' id='word_1_89' title='bbox 760 1960 878 2031; x_wconf 83' lang='lat' dir='ltr'><strong>erret,</strong></span> <span class='ocrx_word' id='word_1_90' title='bbox 894 1951 945 2016; x_wconf 83' lang='lat' dir='ltr'><strong>cd</strong></span> <span class='ocrx_word' id='word_1_91' title='bbox 960 1968 1022 2018; x_wconf 84' lang='lat' dir='ltr'><strong>eos</strong></span> <span class='ocrx_word' id='word_1_92' title='bbox 1037 1952 1177 2039; x_wconf 80' lang='lat' dir='ltr'><strong>epis-to·</strong></span> 
     </span>
     <span class='ocr_line' id='line_1_15' title="bbox 134 2060 1180 2146; baseline 0.002 -12"><span class='ocrx_word' id='word_1_93' title='bbox 134 2068 211 2134; x_wconf 71' lang='lat' dir='ltr'><strong>iam</strong></span> <span class='ocrx_word' id='word_1_94' title='bbox 234 2064 414 2141; x_wconf 65' lang='lat' dir='ltr'><strong>scribere,</strong></span> <span class='ocrx_word' id='word_1_95' title='bbox 436 2060 490 2129; x_wconf 87' lang='lat' dir='ltr'><strong>vel</strong></span> <span class='ocrx_word' id='word_1_96' title='bbox 513 2061 548 2128; x_wconf 88' lang='lat' dir='ltr'><strong>ri</strong></span> <span class='ocrx_word' id='word_1_97' title='bbox 567 2060 741 2144; x_wconf 79' lang='lat' dir='ltr'><strong>arderet,</strong></span> <span class='ocrx_word' id='word_1_98' title='bbox 764 2064 893 2130; x_wconf 81' lang='lat' dir='ltr'><strong>timere</strong></span> <span class='ocrx_word' id='word_1_99' title='bbox 911 2064 1120 2146; x_wconf 71' lang='lat' dir='ltr'><strong>debriaret,</strong></span> <span class='ocrx_word' id='word_1_100' title='bbox 1141 2091 1180 2136; x_wconf 82' lang='lat' dir='ltr'><strong>ne</strong></span> 
     </span>
     <span class='ocr_line' id='line_1_16' title="bbox 136 2174 1177 2277; baseline 0.002 -27"><span class='ocrx_word' id='word_1_101' title='bbox 136 2183 255 2250; x_wconf 68' lang='lat' dir='ltr'><strong>utrum</strong></span> <span class='ocrx_word' id='word_1_102' title='bbox 271 2193 310 2248; x_wconf 85' lang='lat' dir='ltr'><strong>et</strong></span> <span class='ocrx_word' id='word_1_103' title='bbox 331 2200 479 2266; x_wconf 83' lang='lat' dir='ltr'><strong>operam</strong></span> <span class='ocrx_word' id='word_1_104' title='bbox 489 2174 690 2264; x_wconf 72' lang='lat' dir='ltr'><strong>perderet,</strong></span> <span class='ocrx_word' id='word_1_105' title='bbox 718 2188 818 2245; x_wconf 82' lang='lat' dir='ltr'><strong>certe</strong></span> <span class='ocrx_word' id='word_1_106' title='bbox 839 2200 909 2245; x_wconf 81' lang='lat' dir='ltr'><strong>non</strong></span> <span class='ocrx_word' id='word_1_107' title='bbox 924 2185 1177 2277; x_wconf 71' lang='lat' dir='ltr'><strong>promisisset,</strong></span> 
     </span>
     <span class='ocr_line' id='line_1_17' title="bbox 139 2289 1180 2386; baseline 0.002 -23"><span class='ocrx_word' id='word_1_108' title='bbox 139 2320 178 2364; x_wconf 85' lang='lat' dir='ltr'><strong>re</strong></span> <span class='ocrx_word' id='word_1_109' title='bbox 197 2319 257 2362; x_wconf 84' lang='lat' dir='ltr'><strong>eos</strong></span> <span class='ocrx_word' id='word_1_110' title='bbox 277 2296 397 2361; x_wconf 82' lang='lat' dir='ltr'><strong>virere</strong></span> <span class='ocrx_word' id='word_1_111' title='bbox 420 2303 459 2357; x_wconf 81' lang='lat' dir='ltr'><strong>et</strong></span> <span class='ocrx_word' id='word_1_112' title='bbox 480 2292 519 2356; x_wconf 81' lang='lat' dir='ltr'><strong>in</strong></span> <span class='ocrx_word' id='word_1_113' title='bbox 538 2289 667 2356; x_wconf 79' lang='lat' dir='ltr'><strong>urbem</strong></span> <span class='ocrx_word' id='word_1_114' title='bbox 687 2295 813 2359; x_wconf 81' lang='lat' dir='ltr'><strong>venire</strong></span> <span class='ocrx_word' id='word_1_115' title='bbox 830 2294 939 2375; x_wconf 82' lang='lat' dir='ltr'><strong>velle,</strong></span> <span class='ocrx_word' id='word_1_116' title='bbox 973 2298 1014 2364; x_wconf 78' lang='lat' dir='ltr'><strong>in</strong></span> <span class='ocrx_word' id='word_1_117' title='bbox 1036 2321 1112 2386; x_wconf 79' lang='lat' dir='ltr'><strong>qua</strong></span> <span class='ocrx_word' id='word_1_118' title='bbox 1132 2309 1180 2367; x_wconf 79' lang='lat' dir='ltr'><strong>tot</strong></span> 
     </span>
     <span class='ocr_line' id='line_1_18' title="bbox 139 2413 560 2497; baseline 0.002 -27"><span class='ocrx_word' id='word_1_119' title='bbox 139 2413 237 2479; x_wconf 71' lang='lat' dir='ltr'><strong>maia</strong></span> <span class='ocrx_word' id='word_1_120' title='bbox 251 2429 451 2497; x_wconf 68' lang='lat' dir='ltr'><strong>perperatur</strong></span> <span class='ocrx_word' id='word_1_121' title='bbox 467 2418 560 2471; x_wconf 79' lang='lat' dir='ltr'><strong>erut·</strong></span> 
     </span>
    </p>

    <p class='ocr_par' dir='ltr' id='par_1_4' title="bbox 140 2517 1206 4106">
     <span class='ocr_line' id='line_1_19' title="bbox 173 2517 1183 2618; baseline 0.003 -28"><span class='ocrx_word' id='word_1_122' title='bbox 173 2522 279 2604; x_wconf 64' lang='lat' dir='ltr'><strong>›Sed5</strong></span> <span class='ocrx_word' id='word_1_123' title='bbox 295 2520 325 2587; x_wconf 83' lang='lat' dir='ltr'><strong>si</strong></span> <span class='ocrx_word' id='word_1_124' title='bbox 341 2541 530 2600; x_wconf 85' lang='lat' dir='ltr'><strong>sumamus,</strong></span> <span class='ocrx_word' id='word_1_125' title='bbox 545 2517 688 2587; x_wconf 85' lang='lat' dir='ltr'><strong>Paulum</strong></span> <span class='ocrx_word' id='word_1_126' title='bbox 697 2522 823 2589; x_wconf 85' lang='lat' dir='ltr'><strong>Romae</strong></span> <span class='ocrx_word' id='word_1_127' title='bbox 843 2525 1017 2612; x_wconf 83' lang='lat' dir='ltr'><strong>captivum</strong></span> <span class='ocrx_word' id='word_1_128' title='bbox 1035 2546 1183 2618; x_wconf 83' lang='lat' dir='ltr'><strong>apopu-</strong></span> 
     </span>
     <span class='ocr_line' id='line_1_20' title="bbox 140 2634 1182 2724; baseline 0.003 -20"><span class='ocrx_word' id='word_1_129' title='bbox 140 2634 272 2704; x_wconf 69' lang='lat' dir='ltr'><strong>luibae</strong></span> <span class='ocrx_word' id='word_1_130' title='bbox 291 2634 380 2719; x_wconf 77' lang='lat' dir='ltr'><strong>saris,</strong></span> <span class='ocrx_word' id='word_1_131' title='bbox 406 2635 467 2724; x_wconf 84' lang='lat' dir='ltr'><strong>qui</strong></span> <span class='ocrx_word' id='word_1_132' title='bbox 484 2634 609 2700; x_wconf 82' lang='lat' dir='ltr'><strong>Romae</strong></span> <span class='ocrx_word' id='word_1_133' title='bbox 623 2652 742 2710; x_wconf 83' lang='lat' dir='ltr'><strong>crant,</strong></span> <span class='ocrx_word' id='word_1_134' title='bbox 767 2657 833 2705; x_wconf 85' lang='lat' dir='ltr'><strong>noc</strong></span> <span class='ocrx_word' id='word_1_135' title='bbox 850 2660 922 2705; x_wconf 86' lang='lat' dir='ltr'><strong>nou</strong></span> <span class='ocrx_word' id='word_1_136' title='bbox 942 2665 961 2708; x_wconf 87' lang='lat' dir='ltr'><strong>a</strong></span> <span class='ocrx_word' id='word_1_137' title='bbox 979 2644 1107 2709; x_wconf 76' lang='lat' dir='ltr'><strong>Romae</strong></span> <span class='ocrx_word' id='word_1_138' title='bbox 1126 2643 1182 2707; x_wconf 87' lang='lat' dir='ltr'><strong>iu·</strong></span> 
     </span>
     <span class='ocr_line' id='line_1_21' title="bbox 145 2747 1183 2843; baseline 0.004 -22"><span class='ocrx_word' id='word_1_139' title='bbox 145 2750 231 2820; x_wconf 84' lang='lat' dir='ltr'><strong>culis</strong></span> <span class='ocrx_word' id='word_1_140' title='bbox 248 2750 353 2841; x_wconf 79' lang='lat' dir='ltr'><strong>ipsis,</strong></span> <span class='ocrx_word' id='word_1_141' title='bbox 367 2749 432 2839; x_wconf 79' lang='lat' dir='ltr'><strong>qui</strong></span> <span class='ocrx_word' id='word_1_142' title='bbox 446 2769 572 2836; x_wconf 84' lang='lat' dir='ltr'><strong>magua</strong></span> <span class='ocrx_word' id='word_1_143' title='bbox 592 2747 685 2843; x_wconf 85' lang='lat' dir='ltr'><strong>apud</strong></span> <span class='ocrx_word' id='word_1_144' title='bbox 698 2752 878 2818; x_wconf 84' lang='lat' dir='ltr'><strong>Caesarem</strong></span> <span class='ocrx_word' id='word_1_145' title='bbox 895 2756 1099 2824; x_wconf 83' lang='lat' dir='ltr'><strong>auctoritate</strong></span> <span class='ocrx_word' id='word_1_146' title='bbox 1116 2757 1183 2825; x_wconf 81' lang='lat' dir='ltr'><strong>flo-</strong></span> 
     </span>
     <span class='ocr_line' id='line_1_22' title="bbox 143 2863 1188 2960; baseline 0.004 -27"><span class='ocrx_word' id='word_1_147' title='bbox 143 2866 269 2933; x_wconf 72' lang='lat' dir='ltr'><strong>rebant</strong></span> <span class='ocrx_word' id='word_1_148' title='bbox 280 2911 290 2946; x_wconf 91' lang='lat'>‚</span> <span class='ocrx_word' id='word_1_149' title='bbox 300 2863 496 2930; x_wconf 74' lang='lat' dir='ltr'><strong>honorilice</strong></span> <span class='ocrx_word' id='word_1_150' title='bbox 510 2864 676 2944; x_wconf 86' lang='lat' dir='ltr'><strong>habitum,</strong></span> <span class='ocrx_word' id='word_1_151' title='bbox 691 2866 754 2931; x_wconf 92' lang='lat' dir='ltr'><strong>sub</strong></span> <span class='ocrx_word' id='word_1_152' title='bbox 768 2866 872 2934; x_wconf 85' lang='lat' dir='ltr'><strong>finem</strong></span> <span class='ocrx_word' id='word_1_153' title='bbox 891 2870 1096 2960; x_wconf 81' lang='lat' dir='ltr'><strong>captivitatis</strong></span> <span class='ocrx_word' id='word_1_154' title='bbox 1113 2893 1188 2937; x_wconf 88' lang='lat' dir='ltr'><strong>suae</strong></span> 
     </span>
     <span class='ocr_line' id='line_1_23' title="bbox 145 2978 1188 3068; baseline 0.006 -26"><span class='ocrx_word' id='word_1_155' title='bbox 145 2978 322 3067; x_wconf 72' lang='lat' dir='ltr'><strong>scripsisse</strong></span> <span class='ocrx_word' id='word_1_156' title='bbox 340 2995 492 3043; x_wconf 83' lang='lat' dir='ltr'><strong>nostram</strong></span> <span class='ocrx_word' id='word_1_157' title='bbox 505 2979 706 3067; x_wconf 83' lang='lat' dir='ltr'><strong>epistolam3</strong></span> <span class='ocrx_word' id='word_1_158' title='bbox 728 2978 814 3049; x_wconf 90' lang='lat' dir='ltr'><strong>baec</strong></span> <span class='ocrx_word' id='word_1_159' title='bbox 835 2985 936 3051; x_wconf 87' lang='lat' dir='ltr'><strong>etiam</strong></span> <span class='ocrx_word' id='word_1_160' title='bbox 952 2984 1106 3068; x_wconf 87' lang='lat' dir='ltr'><strong>objectio</strong></span> <span class='ocrx_word' id='word_1_161' title='bbox 1121 3007 1188 3049; x_wconf 88' lang='lat' dir='ltr'><strong>uon</strong></span> 
     </span>
     <span class='ocr_line' id='line_1_24' title="bbox 146 3089 1188 3186; baseline 0.005 -27"><span class='ocrx_word' id='word_1_162' title='bbox 146 3114 270 3184; x_wconf 77' lang='lat' dir='ltr'><strong>parum</strong></span> <span class='ocrx_word' id='word_1_163' title='bbox 283 3089 437 3159; x_wconf 83' lang='lat' dir='ltr'><strong>diluitur.</strong></span> <span class='ocrx_word' id='word_1_164' title='bbox 470 3090 657 3183; x_wconf 79' lang='lat' dir='ltr'><strong>Apostolus</strong></span> <span class='ocrx_word' id='word_1_165' title='bbox 678 3095 786 3162; x_wconf 87' lang='lat' dir='ltr'><strong>tribus</strong></span> <span class='ocrx_word' id='word_1_166' title='bbox 803 3095 876 3164; x_wconf 83' lang='lat' dir='ltr'><strong>fere</strong></span> <span class='ocrx_word' id='word_1_167' title='bbox 893 3098 992 3164; x_wconf 86' lang='lat' dir='ltr'><strong>anuis</strong></span> <span class='ocrx_word' id='word_1_168' title='bbox 1006 3115 1086 3186; x_wconf 90' lang='lat' dir='ltr'><strong>post</strong></span> <span class='ocrx_word' id='word_1_169' title='bbox 1105 3120 1188 3186; x_wconf 83' lang='lat' dir='ltr'><strong>pro-</strong></span> 
     </span>
     <span class='ocr_line' id='line_1_25' title="bbox 147 3207 1188 3302; baseline 0.003 -26"><span class='ocrx_word' id='word_1_170' title='bbox 147 3209 333 3293; x_wconf 79' lang='lat' dir='ltr'><strong>fectionem</strong></span> <span class='ocrx_word' id='word_1_171' title='bbox 355 3231 398 3274; x_wconf 79' lang='lat' dir='ltr'><strong>cx</strong></span> <span class='ocrx_word' id='word_1_172' title='bbox 422 3207 611 3276; x_wconf 85' lang='lat' dir='ltr'><strong>Palaestina</strong></span> <span class='ocrx_word' id='word_1_173' title='bbox 632 3208 754 3298; x_wconf 88' lang='lat' dir='ltr'><strong>clapsis</strong></span> <span class='ocrx_word' id='word_1_174' title='bbox 776 3235 913 3299; x_wconf 85' lang='lat' dir='ltr'><strong>sperare</strong></span> <span class='ocrx_word' id='word_1_175' title='bbox 932 3231 1092 3302; x_wconf 86' lang='lat' dir='ltr'><strong>poterat,</strong></span> <span class='ocrx_word' id='word_1_176' title='bbox 1114 3213 1188 3279; x_wconf 83' lang='lat' dir='ltr'><strong>rui·</strong></span> 
     </span>
     <span class='ocr_line' id='line_1_26' title="bbox 151 3322 1191 3414; baseline 0.004 -22"><span class='ocrx_word' id='word_1_177' title='bbox 151 3347 225 3393; x_wconf 81' lang='lat' dir='ltr'><strong>mos</strong></span> <span class='ocrx_word' id='word_1_178' title='bbox 249 3322 551 3390; x_wconf 85' lang='lat' dir='ltr'><strong>Palaestinensium</strong></span> <span class='ocrx_word' id='word_1_179' title='bbox 579 3323 661 3390; x_wconf 87' lang='lat' dir='ltr'><strong>olim</strong></span> <span class='ocrx_word' id='word_1_180' title='bbox 688 3325 757 3392; x_wconf 91' lang='lat' dir='ltr'><strong>sibi</strong></span> <span class='ocrx_word' id='word_1_181' title='bbox 780 3325 940 3393; x_wconf 84' lang='lat' dir='ltr'><strong>infensos</strong></span> <span class='ocrx_word' id='word_1_182' title='bbox 974 3326 1191 3414; x_wconf 73' lang='lat' dir='ltr'><strong>refriguisse,</strong></span> 
     </span>
     <span class='ocr_line' id='line_1_27' title="bbox 149 3437 1193 3522; baseline 0.001 -13"><span class='ocrx_word' id='word_1_183' title='bbox 149 3440 299 3509; x_wconf 77' lang='lat' dir='ltr'><strong>maxime</strong></span> <span class='ocrx_word' id='word_1_184' title='bbox 312 3437 452 3522; x_wconf 82' lang='lat' dir='ltr'><strong>adjutus</strong></span> <span class='ocrx_word' id='word_1_185' title='bbox 468 3438 637 3507; x_wconf 82' lang='lat' dir='ltr'><strong>benevolo</strong></span> <span class='ocrx_word' id='word_1_186' title='bbox 658 3439 704 3506; x_wconf 88' lang='lat' dir='ltr'><strong>de</strong></span> <span class='ocrx_word' id='word_1_187' title='bbox 725 3462 761 3505; x_wconf 87' lang='lat' dir='ltr'><strong>se</strong></span> <span class='ocrx_word' id='word_1_188' title='bbox 780 3442 972 3509; x_wconf 86' lang='lat' dir='ltr'><strong>testimonio</strong></span> <span class='ocrx_word' id='word_1_189' title='bbox 982 3441 1193 3510; x_wconf 84' lang='lat' dir='ltr'><strong>Judaeorum</strong></span> 
     </span>
     <span class='ocr_line' id='line_1_28' title="bbox 151 3548 1193 3638; baseline 0.001 -15"><span class='ocrx_word' id='word_1_190' title='bbox 151 3559 394 3623; x_wconf 71' lang='lat' dir='ltr'><strong>Romanorum.</strong></span> <span class='ocrx_word' id='word_1_191' title='bbox 426 3548 553 3638; x_wconf 68' lang='lat' dir='ltr'><strong>Magus</strong></span> <span class='ocrx_word' id='word_1_192' title='bbox 573 3554 667 3620; x_wconf 85' lang='lat' dir='ltr'><strong>enim</strong></span> <span class='ocrx_word' id='word_1_193' title='bbox 688 3553 897 3622; x_wconf 89' lang='lat' dir='ltr'><strong>Judaeorum</strong></span> <span class='ocrx_word' id='word_1_194' title='bbox 913 3555 1104 3626; x_wconf 86' lang='lat' dir='ltr'><strong>multitudo</strong></span> <span class='ocrx_word' id='word_1_195' title='bbox 1119 3559 1193 3625; x_wconf 81' lang='lat' dir='ltr'><strong>Ro-</strong></span> 
     </span>
     <span class='ocr_line' id='line_1_29' title="bbox 153 3667 1199 3762; baseline 0.002 -27"><span class='ocrx_word' id='word_1_196' title='bbox 153 3694 227 3735; x_wconf 88' lang='lat' dir='ltr'><strong>mae</strong></span> <span class='ocrx_word' id='word_1_197' title='bbox 248 3668 449 3749; x_wconf 85' lang='lat' dir='ltr'><strong>habitabat,</strong></span> <span class='ocrx_word' id='word_1_198' title='bbox 472 3668 676 3755; x_wconf 90' lang='lat' dir='ltr'><strong>quibuscum</strong></span> <span class='ocrx_word' id='word_1_199' title='bbox 697 3667 780 3735; x_wconf 83' lang='lat' dir='ltr'><strong>inde</strong></span> <span class='ocrx_word' id='word_1_200' title='bbox 807 3671 849 3736; x_wconf 90' lang='lat' dir='ltr'><strong>ab</strong></span> <span class='ocrx_word' id='word_1_201' title='bbox 871 3671 971 3737; x_wconf 85' lang='lat' dir='ltr'><strong>initio</strong></span> <span class='ocrx_word' id='word_1_202' title='bbox 990 3672 1199 3762; x_wconf 79' lang='lat' dir='ltr'><strong>captivitatis</strong></span> 
     </span>
     <span class='ocr_line' id='line_1_30' title="bbox 155 3776 1201 3875; baseline 0.001 -26"><span class='ocrx_word' id='word_1_203' title='bbox 155 3788 233 3849; x_wconf 84' lang='lat' dir='ltr'><strong>Act.</strong></span> <span class='ocrx_word' id='word_1_204' title='bbox 251 3781 390 3864; x_wconf 85' lang='lat' dir='ltr'>XXIV,</span> <span class='ocrx_word' id='word_1_205' title='bbox 411 3807 447 3868; x_wconf 88' lang='lat'><strong>17</strong></span> <span class='ocrx_word' id='word_1_206' title='bbox 467 3806 545 3873; x_wconf 86' lang='lat' dir='ltr'><strong>sqq.</strong></span> <span class='ocrx_word' id='word_1_207' title='bbox 569 3780 737 3872; x_wconf 87' lang='lat' dir='ltr'><strong>colloquia</strong></span> <span class='ocrx_word' id='word_1_208' title='bbox 757 3776 969 3868; x_wconf 78' lang='lat' dir='ltr'><strong>institueret,</strong></span> <span class='ocrx_word' id='word_1_209' title='bbox 992 3802 1028 3850; x_wconf 89' lang='lat' dir='ltr'><strong>ct</strong></span> <span class='ocrx_word' id='word_1_210' title='bbox 1052 3809 1201 3875; x_wconf 87' lang='lat' dir='ltr'><strong>quorum</strong></span> 
     </span>
     <span class='ocr_line' id='line_1_31' title="bbox 156 3894 1202 3989; baseline 0.002 -26"><span class='ocrx_word' id='word_1_211' title='bbox 156 3897 345 3989; x_wconf 86' lang='lat' dir='ltr'><strong>permultos</strong></span> <span class='ocrx_word' id='word_1_212' title='bbox 368 3894 410 3962; x_wconf 86' lang='lat' dir='ltr'><strong>ad</strong></span> <span class='ocrx_word' id='word_1_213' title='bbox 432 3898 547 3965; x_wconf 87' lang='lat' dir='ltr'><strong>Jesum</strong></span> <span class='ocrx_word' id='word_1_214' title='bbox 572 3913 746 3986; x_wconf 88' lang='lat' dir='ltr'><strong>tamquam</strong></span> <span class='ocrx_word' id='word_1_215' title='bbox 769 3900 924 3966; x_wconf 83' lang='lat' dir='ltr'><strong>Messium</strong></span> <span class='ocrx_word' id='word_1_216' title='bbox 946 3896 1202 3987; x_wconf 84' lang='lat' dir='ltr'><strong>agnoscendum</strong></span> 
     </span>
     <span class='ocr_line' id='line_1_32' title="bbox 157 4008 1206 4106; baseline 0.005 -31"><span class='ocrx_word' id='word_1_217' title='bbox 157 4013 300 4100; x_wconf 86' lang='lat' dir='ltr'><strong>ejusque</strong></span> <span class='ocrx_word' id='word_1_218' title='bbox 331 4008 525 4079; x_wconf 86' lang='lat' dir='ltr'><strong>doctrinam</strong></span> <span class='ocrx_word' id='word_1_219' title='bbox 555 4010 830 4106; x_wconf 81' lang='lat' dir='ltr'><strong>amplectendam</strong></span> <span class='ocrx_word' id='word_1_220' title='bbox 859 4012 1095 4104; x_wconf 85' lang='lat' dir='ltr'><strong>compulerat,</strong></span> <span class='ocrx_word' id='word_1_221' title='bbox 1130 4013 1206 4091; x_wconf 50' lang='lat' dir='ltr'><strong>doz</strong></span> 
     </span>
    </p>
   </div>
   <div class='ocr_carea' id='block_1_3' title="bbox 0 0 1354 4740">
    <p class='ocr_par' dir='ltr' id='par_1_5' title="bbox 0 0 1354 4740">
     <span class='ocr_line' id='line_1_33' title="bbox 0 0 1354 4740; baseline 0 0"><span class='ocrx_word' id='word_1_222' title='bbox 0 0 1354 4740; x_wconf 95' lang='lat' dir='ltr'><strong> </strong></span> 
     </span>
    </p>
   </div>
  </div>
 </body>
</html>
