2604 4740
545 425 732 515 (1⁸2)

119 630 202 706 pum
221 610 263 678 63
284 608 412 696 scripta
433 610 495 691 sit,
518 586 695 700 sequitur,
720 631 791 674 eam
815 606 870 676 rel
887 609 1032 678 ennodi
1055 609 1105 676 vel
1120 582 1167 697 66

120 723 284 808 scriptam
305 744 388 788 esse.
432 724 528 789 Inter
552 723 613 788 bos
645 722 729 790 duos
754 747 859 788 annos
881 722 1077 808 eligendum
1100 743 1165 792 est.

120 835 294 926 Equidem
317 834 476 923 praefero
492 861 619 901 aunum
636 839 688 906 64.
732 842 817 907 Num
836 841 861 902 si
883 836 1060 904 consilium
1082 842 1167 905 scri-

121 933 231 1019 bendi
256 951 388 1016 auctori
418 950 509 1031 luit,
532 967 570 1017 ut
589 950 803 1018 Christianos
834 950 1097 1035 Palaestinenses
1123 954 1167 1017 ob

120 1064 336 1136 vexationes,
365 1086 448 1156 quas
475 1065 607 1155 experti
629 1081 726 1130 eraut
745 1064 808 1145 sub
833 1066 956 1132 Anauo
978 1066 1167 1156 pontifice,

117 1176 355 1245 consolaretur
375 1194 409 1243 ct
430 1176 473 1242 ad
492 1179 714 1243 constantiam
737 1179 774 1243 in
790 1178 952 1266 religione
973 1179 1169 1261 Christiana¹

122 1292 339 1391 confitenda,
363 1308 631 1382 propterquam
656 1290 796 1358 adversa
824 1293 961 1381 quaevis
989 1295 1172 1385 patieban·v
1255 1345 1261 1355 .

121 1424 196 1494 tur,
221 1406 492 1505 adhortaretur3
525 1405 705 1491 verisimile
740 1421 810 1488 est,
843 1431 921 1473 eum
951 1406 1067 1496 paullo
1092 1424 1171 1500 post

121 1520 203 1588 istas
230 1519 424 1601 vexationes
451 1520 496 1586 ad
526 1520 698 1585 llcbraeo‘s
730 1518 845 1596 literas
873 1520 1111 1588 consolatorias
1137 1539 1173 1598 et

123 1634 375 1734 adhortatorias
400 1635 587 1722 scripsisse.
632 1633 669 1703 Si
695 1636 800 1700 serius
828 1634 893 1701 boc
925 1636 1059 1703 fecisset
1081 1636 1177 1719 anno,

123 1751 188 1841 65,
211 1771 353 1839 operam
375 1764 409 1812 et
429 1746 539 1814 oleum
563 1737 783 1837 perdidisset.
828 1748 917 1815 Istae
945 1750 1038 1817 enirn
1064 1774 1172 1825 vexa-

78 1920 81 1928 ,
124 1865 236 1963 tiones
257 1863 360 1928 breve
382 1877 513 1926 tautum
534 1877 664 1952 tempus
690 1861 864 1927 durarunt
887 1879 921 1928 ct
944 1863 1080 1934 ludaeis
1105 1891 1173 1932 au-

124 2000 195 2079 ¹sam
212 1976 396 2045 accusandi
430 1974 523 2065 apud
548 1975 711 2040 Albinum
740 1974 854 2040 Auani
874 1977 1175 2064 {suppeditarunm

127 2089 195 2180 cir.
216 2089 357 2182 Josepb.
382 2092 465 2156 Ant.
478 2089 581 2169 XX
606 2090 638 2157 8
659 2089 689 2154 C
701 2091 831 2175 ‚cujus
858 2089 1047 2157 minacibus
1067 2091 1176 2157 literis

128 2204 268 2304 territus
304 2205 475 2296 Agrippas
508 2205 630 2270 Αιιιιιιιι
663 2202 910 2270 Pontificatum
941 2220 1009 2270 tres
1041 2220 1175 2289 tanturn

127 2340 261 2411 menses
284 2319 466 2405 durantem
487 2319 674 2403 abrogavit.

167 2438 202 2504 5.
224 2433 358 2516 Natales
379 2430 541 2523 epistolae
560 2448 696 2499 nostrae
725 2454 804 2517 ergo
835 2430 877 2496 ad
899 2456 1025 2498 aunum
1047 2435 1090 2502 64
1110 2435 1173 2500 in·
1219 2452 1223 2465 “

129 2564 267 2634 euntem
292 2547 425 2634 refero,
452 2547 489 2636 iu
515 2569 622 2635 eoque
643 2545 752 2610 babeo
774 2549 1039 2615 consentientem
1069 2548 1176 2623 Usse-

127 2637 241 2744 rium,
273 2663 333 2755 qui
363 2683 453 2726 anuo
485 2659 620 2725 decimo
647 2659 818 2743 Neronis,
850 2660 886 2724 id
908 2677 984 2744 est,
1021 2685 1112 2727 anno
1136 2663 1180 2732 64

128 2758 297 2873 prigineui
323 2773 486 2868 epistolae
511 2771 655 2852 tribuit,
682 2782 717 2860 et
739 2773 906 2859 Hugium,
930 2777 992 2865 qui
1021 2797 1095 2840 eam
1116 2755 1178 2840 sess

128 2889 248 2958 eundo
271 2888 479 2985 captivitatis,
496 2887 591 2962 Pauli
608 2889 776 2979 Romanae
802 2913 893 2956 auno
912 2886 1048 2959 tribuit.
1096 2890 1176 2962 Cir.

126 3006 306 3094 ‘Pritius
328 3005 415 3070 edit.
430 3003 543 3070 Hofm.
561 3028 597 3090 p.
614 3005 700 3088 2653
721 3002 818 3089 Hug
842 3005 1061 3093 Einleitung
1074 3007 1117 3070 T.
1130 3007 1178 3090 lt,

125 3135 166 3214 p.
189 3121 266 3210 493.
311 3119 348 3187 Si
366 3140 536 3212 ponamus
556 3118 715 3215 nuntium
741 3106 785 3182 dc
816 3096 1052 3185 vexationibus
1076 3119 1180 3187 Chri·

127 3233 318 3326 atianorum
344 3232 647 3299 Palaestinensium
676 3231 834 3328 celeriter
866 3232 1007 3297 Romam
1037 3233 1176 3302 allatum

128 3371 223 3440 esse,
235 3363 268 3414 et
282 3346 494 3435 extemplo
474 3363 648 3443 auctorem
665 3362 820 3433 nostrum
836 3344 880 3410 ad
899 3346 1067 3428 Hebraeos
1085 3347 1178 3412 seri·

83 3502 87 3512 ·
125 3462 259 3570 psisse,
281 3484 351 3545 nou
377 3459 521 3527 multum
544 3458 664 3557 differt
687 3484 760 3526 mea
782 3462 952 3526 sententia
976 3461 1020 3527 de
1045 3462 1178 3552 origine

124 3592 267 3645 nostrae
290 3573 474 3664 epistolae,
489 3574 568 3642 ab
546 3597 609 3654 us,
635 3575 713 3663 qui
717 3598 789 3640 eam
809 3573 852 3639 ad
878 3599 1006 3649 annum
1020 3579 1060 3643 65
1084 3575 1173 3661 (sci-

126 3690 213 3769 licet
238 3689 443 3775 exeuntem)
474 3688 649 3769 referunt,
673 3713 702 3755 e.
727 3713 759 3773 g.
783 3688 1027 3761 celeberrimus
1055 3691 1178 3787 Pear.

129 3803 286 3895 eonius
309 3805 345 3890 in
367 3803 576 3873 Annalibus
599 3782 784 3870 Petelinis.-

175 3941 207 3983 c.
240 3918 283 3983 In
311 3918 379 3984 boc'
408 3930 548 4004 tempor
578 3941 663 3984 uero
697 3917 833 3984 incidit
862 3918 975 4013 etium
1016 3932 1180 4006 tempus,

129 4057 201 4129 quo
230 4033 447 4099 consuetude
479 4032 656 4120 quaedam
686 4031 803 4124 Pauli
825 4043 863 4097 et
892 4033 1050 4099 Senecae
1080 4036 1181 4102 exti-

128 4143 222 4216 t'iase
247 4146 393 4213 traditur
413 4162 448 4213 ct
466 4146 612 4213 existere
636 4146 774 4234 potuit,
797 4164 922 4237 nempe
939 4164 1094 4236 tempus,
1114 4170 1182 4237 quo
