2594 4724
541 395 556 486 ‹
599 416 641 486 27
686 390 702 486 l

105 583 275 671 theologos
298 594 524 677 protestantes
543 580 706 651 eeclesiae
726 596 865 652 nostrae
883 553 954 652 rion
976 582 1141 658 addictos?

68 672 76 688 ι
107 696 229 772 W'ets
243 697 386 764 tenius
408 694 571 782 originem
594 673 770 765 Paulinam
791 696 950 786 epistolae
968 701 1145 775 defendit:

145 811 255 900 Quod
277 811 397 876 attinet
424 808 468 874 ad
496 806 676 896 theologos
688 813 858 881 eeclesiae
885 816 1135 888 Romano-Ca·

107 924 277 1007 tholieae,
300 927 323 991 ii
345 925 501 992 obstricti
524 926 663 992 decreto
686 929 797 1014 primo
823 945 962 1016 quartae
980 936 1137 1003 sessionis

105 1038 235 1128 Synodi
257 1038 503 1116 Tridentinae,
527 1016 630 1105 Paulo
650 1041 809 1108 tribuunt
837 1043 1026 1133 epistolam.¹
1065 1042 1143 1114 In·²

105 1168 158 1219 t‘er
182 1175 237 1218 eos
268 1174 349 1218 vero
378 1155 480 1218 etiam
504 1152 662 1236 fuerunt,
686 1155 746 1243 qui
773 1149 949 1248 Paulinam
971 1162 1136 1249 originem

104 1264 304 1353 gravissimis
323 1268 527 1350 argumentis
542 1263 769 1330 defenderent
780 1291 790 1331 a
802 1262 893 1330 inter
906 1288 989 1356 quos
1011 1274 1140 1344 eminet

101 1380 274 1468 professor
301 1377 485 1466 theologiae
510 1378 746 1460 Friburgensis
770 1376 1011 1450 celeberrimus
1039 1386 1138 1476 Hug

99 1495 138 1562 in
161 1495 273 1564 libro·
306 1493 567 1581 Einleittm'g
550 1516 589 1558 m
618 1490 676 1556 die
702 1488 887 1578 Schriften
920 1492 984 1563 des
1012 1501 1064 1572 Ν.
1091 1504 1136 1571 Τ.

103 1606 191 1675 edit
214 1608 248 1675 5.
272 1608 318 1671 Τ.
334 1606 379 1671 11.
404 1630 440 1693 p.
431 1598 555 1672 Ais*
536 1588 624 1694 sqq.

115 1722 184 1787 'Hi
213 1721 409 1790 defensores
438 1715 598 1781 Paulinae
630 1713 769 1798 originis
798 1713 959 1821 epistolae
981 1722 1024 1789 ad
1059 1721 1134 1794 He.
1135 1740 1139 1747 ’

98 1835 235 1900 braeos
242 1833 368 1922 partim
399 1842 597 1914 argumenta
623 1846 742 1894 eontra
777 1850 851 1895 eam
876 1829 1009 1923 prolata
1033 1836 1135 1905 lahe-

100 1945 248 2029 faetare,
281 1942 407 2034 partim
427 1955 624 2026 argumenta
645 1964 711 2030 pro
733 1966 772 2008 ea
794 1965 965 2032 exponere
988 1947 1133 2016 studue·
1138 1946 1141 1951 ’

94 2074 190 2126 runt.

116 2183 119 2187 '
136 2173 163 2237 1.
189 2170 244 2237 Ad
271 2176 509 2258 argumentum
527 2185 648 2235 eontra
667 2169 847 2235 Paulinam
871 2172 1037 2257 originem
1052 2174 1133 2262 pri·

98 2308 155 2351 mo
172 2286 251 2352 loco
270 2288 455 2374 prolatum
473 2266 708 2372 respondent,
731 2282 879 2350 Paulum'
902 2286 980 2352 ideo
1007 2304 1138 2356 nomen'

98 2422 197 2466 suum
216 2399 296 2467 huie
315 2397 478 2493 epistolae
497 2420 567 2463 non
588 2396 820 2486 praemisisse,
836 2398 929 2489 quod
948 2396 1035 2464 illud
1057 2402 1134 2468 He«

98 2514 209 2582 bracis
238 2517 383 2582 invisum
405 2514 538 2595 seiret,·
554 2527 701 2601 propter
720 2509 801 2597 legis
824 2513 1011 2598 Mosaieae,
1035 2519 1132 2603 eujus

96 2629 210 2697 a'dhue
231 2626 462 2697 studiosissimi
482 2628 621 2714 patroni
639 2641 758 2709 erant,
782 2628 1037 2713 abrogationem
1056 2655 1075 2697 a
1094 2654 1134 2698 se

95 2743 328 2836 praedicatam
347 2759 382 2808 et
405 2740 599 2823 defensam,
622 2764 666 2804 ne
691 2765 709 2805 a
732 2740 877 2825 legendal
895 2743 1036 2830 epistola
1059 2745 1133 2811 de-

98 2876 332 2942 terrerentur3
321 2857 477 2924 deinde
497 2835 639 2962 apostoli
658 2853 786 2921 titulo
775 2878 813 2921 m
830 2856 972 2950 epistola
992 2857 1038 2923 ad·
1058 2860 1134 2928 tte-¹
1130 2882 1135 2889 ·

94 2979 215 3044 hraeos
231 2975 280 3039 uti
298 2956 494 3056 noluisse,
487 2971 650 3062 quoniam
670 2992 811 3036 munere
831 2970 1046 3059 apostolico
1036 2982 1136 3042 mter'

94 3091 268 3159 Hebraeos
288 3086 342 3155 vel
358 3094 428 3165 τοὺς
448 3093 482 3157 ἐκ
500 3094 555 3164 τῆς
575 3111 740 3169 περιτομῆς
757 3086 889 3149 solenni
906 3084 978 3151 fere
997 3087 1137 3157 ratione

95 3230 129 3274 se
156 3203 339 3284 abdicans,
364 3202 510 3275 Galli,
535 3208 642 3288 9'‚'to
665 3203 944 3287 propagationem
977 3198 1133 3289 evange.'

89 3322 128 3389 lii
155 3332 287 3386 tantum
308 3321 399 3383 inter
429 3312 570 3401 gentiles
601 3311 822 3399 suscepisset,
856 3312 910 3378 vel
938 3316 1130 3387 modestiae

93 3410 213 3519 eausa,
229 3433 399 3523 quoniam
415 3431 530 3496 Jesum
549 3427 617 3510 111,
633 3450 650 3494 r
674 3426 881 3529 nominasset
910 3431 1099 3533 apostolum
1110 3444 1133 3521 ς’·

95 3611 302 3637 Μ

87 3737 144 3792 aet3
168 3706 245 3783 gerba
264 3717 294 3773 C.
312 3714 392 3778 XIII,
411 3731 455 3787 19:
482 3710 649 3785 fregellana
669 3711 896 3765 ἀποκατασταθῶ
922 3711 1002 3784 ὑμῖν,
1029 3722 1124 3779 vertitg

91 3796 211 3870 »Damit
227 3797 270 3862 tal
288 3806 352 3859 euelt
369 3803 441 3857 desto
458 3801 521 3856 eher
537 3800 631 3856 wieder
648 3799 787 3868 geschenltt
803 3799 926 3854 werde:''
946 3800 974 3854 in
989 3794 1049 3859 nota
1063 3828 1124 3865 vero

91 3897 135 3951 his
147 3895 232 3951 verbis
249 3894 366 3964 adjuncta
380 3892 418 3945 ita
433 3889 544 3956 judicat:
581 3887 750 3944 »Vielleielst
768 3887 963 3942 hainoniae:
981 3890 1064 3948 demit
1078 3882 1131 3952 ieh‘

90 4001 137 4039 ans
154 3983 201 4037 der
222 3977 443 4050 Gelangensehalt
462 3978 580 4048 halreyat
605 3977 716 4033 verdel'
743 3975 845 4029 Dubius
859 3991 921 4043 ergo
935 3975 1020 4033 haesit
1029 3984 1123 4052 ,quad

91 4072 205 4141 apertius
224 4072 252 4122 in
270 4069 323 4123 suis
339 4066 555 4139 praelationibus
575 4063 706 4159 confessus
714 4073 773 4135 est,
789 4064 913 4155 incoque
933 4022 1088 4129 martiane
1105 4091 1132 4145 a.¹

89 4156 196 4216 doctore
212 4178 259 4216 sno
277 4156 406 4215 Ernestio.
699 4172 704 4179 ·
