<?xml version="1.0" encoding="UTF-8"?>
<!DOCTYPE html PUBLIC "-//W3C//DTD XHTML 1.0 Transitional//EN"
    "http://www.w3.org/TR/xhtml1/DTD/xhtml1-transitional.dtd">
<html xmlns="http://www.w3.org/1999/xhtml" xml:lang="en" lang="en">
 <head>
  <title>
</title>
<meta http-equiv="Content-Type" content="text/html;charset=utf-8" />
  <meta name='ocr-system' content='tesseract 3.04.00' />
  <meta name='ocr-capabilities' content='ocr_page ocr_carea ocr_par ocr_line ocrx_word'/>
</head>
<body>
  <div class='ocr_page' id='page_1' title='image "./vindiciaeorigin00gelpgoog_0166.png"; bbox 0 0 2604 4740; ppageno 0'>
   <div class='ocr_carea' id='block_1_1' title="bbox 554 384 729 469">
    <p class='ocr_par' dir='ltr' id='par_1_1' title="bbox 554 384 729 469">
     <span class='ocr_line' id='line_1_1' title="bbox 554 384 729 469; baseline -0.029 1"><span class='ocrx_word' id='word_1_1' title='bbox 554 384 729 469; x_wconf 84' lang='lat'>(¹59)</span> 
     </span>
    </p>
   </div>
   <div class='ocr_carea' id='block_1_2' title="bbox 117 563 1266 3736">
    <p class='ocr_par' dir='ltr' id='par_1_2' title="bbox 125 563 1197 1216">
     <span class='ocr_line' id='line_1_2' title="bbox 128 563 1197 655; baseline -0.002 -17"><span class='ocrx_word' id='word_1_2' title='bbox 128 604 148 650; x_wconf 64' lang='lat' dir='ltr'><strong><em>a</em></strong></span> <span class='ocrx_word' id='word_1_3' title='bbox 168 568 330 641; x_wconf 73' lang='lat' dir='ltr'><strong>nnnaa&#39;us</strong></span> <span class='ocrx_word' id='word_1_4' title='bbox 345 566 448 634; x_wconf 86' lang='lat' dir='ltr'><strong>Malla</strong></span> <span class='ocrx_word' id='word_1_5' title='bbox 470 567 488 650; x_wconf 82' lang='grc'><strong>(</strong></span> <span class='ocrx_word' id='word_1_6' title='bbox 498 565 591 649; x_wconf 83' lang='lat' dir='ltr'><strong>jussu</strong></span> <span class='ocrx_word' id='word_1_7' title='bbox 602 563 747 629; x_wconf 84' lang='lat' dir='ltr'><strong>Neronis</strong></span> <span class='ocrx_word' id='word_1_8' title='bbox 762 563 961 630; x_wconf 75' lang='lat' dir='ltr'><strong>interemtus</strong></span> <span class='ocrx_word' id='word_1_9' title='bbox 979 569 1080 655; x_wconf 86' lang='lat' dir='ltr'><strong>est),</strong></span> <span class='ocrx_word' id='word_1_10' title='bbox 1104 571 1162 636; x_wconf 83' lang='lat' dir='ltr'><strong>ils·</strong></span> <span class='ocrx_word' id='word_1_11' title='bbox 1192 598 1197 604; x_wconf 89' lang='lat'><strong>·</strong></span> 
     </span>
     <span class='ocr_line' id='line_1_3' title="bbox 126 676 1162 783; baseline -0.005 -30"><span class='ocrx_word' id='word_1_12' title='bbox 126 685 227 762; x_wconf 83' lang='lat' dir='ltr'><strong>dem,</strong></span> <span class='ocrx_word' id='word_1_13' title='bbox 264 683 388 783; x_wconf 82' lang='lat' dir='ltr'><strong>quibus</strong></span> <span class='ocrx_word' id='word_1_14' title='bbox 413 677 524 746; x_wconf 88' lang='lat' dir='ltr'><strong>Gallio</strong></span> <span class='ocrx_word' id='word_1_15' title='bbox 554 695 589 741; x_wconf 89' lang='lat' dir='ltr'><strong>et</strong></span> <span class='ocrx_word' id='word_1_16' title='bbox 620 676 751 743; x_wconf 86' lang='lat' dir='ltr'>Seneca</span> <span class='ocrx_word' id='word_1_17' title='bbox 779 678 981 768; x_wconf 87' lang='lat' dir='ltr'><strong>parentibus</strong></span> <span class='ocrx_word' id='word_1_18' title='bbox 1009 685 1162 748; x_wconf 85' lang='lat' dir='ltr'><strong>natus.&#39;’</strong></span> 
     </span>
     <span class='ocr_line' id='line_1_4' title="bbox 125 789 1165 884; baseline -0.004 -17"><span class='ocrx_word' id='word_1_19' title='bbox 125 798 259 868; x_wconf 80' lang='lat' dir='ltr'><strong>Seneca</strong></span> <span class='ocrx_word' id='word_1_20' title='bbox 278 796 419 884; x_wconf 88' lang='lat' dir='ltr'><strong>Quaest.</strong></span> <span class='ocrx_word' id='word_1_21' title='bbox 435 794 556 864; x_wconf 84' lang='lat' dir='ltr'><strong>Natur.</strong></span> <span class='ocrx_word' id='word_1_22' title='bbox 576 790 626 856; x_wconf 86' lang='lat' dir='ltr'><strong>lv</strong></span> <span class='ocrx_word' id='word_1_23' title='bbox 644 790 680 855; x_wconf 91' lang='lat' dir='ltr'><strong>in</strong></span> <span class='ocrx_word' id='word_1_24' title='bbox 700 789 867 873; x_wconf 53' lang='lat' dir='ltr'><strong>Praelata</strong></span> <span class='ocrx_word' id='word_1_25' title='bbox 893 819 912 863; x_wconf 89' lang='grc'>«</span> <span class='ocrx_word' id='word_1_26' title='bbox 929 792 1087 864; x_wconf 83' lang='lat' dir='ltr'><strong>Solebam</strong></span> <span class='ocrx_word' id='word_1_27' title='bbox 1099 797 1165 866; x_wconf 91' lang='lat' dir='ltr'><strong>tibi</strong></span> 
     </span>
     <span class='ocr_line' id='line_1_5' title="bbox 125 903 1165 1002; baseline -0.002 -21"><span class='ocrx_word' id='word_1_28' title='bbox 125 913 267 995; x_wconf 81' lang='lat' dir='ltr'><strong>dicere,</strong></span> <span class='ocrx_word' id='word_1_29' title='bbox 298 906 491 977; x_wconf 85' lang='lat' dir='ltr'><strong>Gallionem</strong></span> <span class='ocrx_word' id='word_1_30' title='bbox 513 903 655 970; x_wconf 81' lang='lat' dir='ltr'><strong>fratrem</strong></span> <span class='ocrx_word' id='word_1_31' title='bbox 678 926 791 970; x_wconf 90' lang='lat' dir='ltr'><strong>meum</strong></span> <span class='ocrx_word' id='word_1_32' title='bbox 822 905 950 1002; x_wconf 80' lang='lat' dir='ltr'><strong>(quem</strong></span> <span class='ocrx_word' id='word_1_33' title='bbox 969 931 1070 976; x_wconf 89' lang='lat' dir='ltr'><strong>nemo</strong></span> <span class='ocrx_word' id='word_1_34' title='bbox 1092 934 1165 979; x_wconf 88' lang='lat' dir='ltr'><strong>non</strong></span> 
     </span>
     <span class='ocr_line' id='line_1_6' title="bbox 126 1013 1165 1118; baseline 0 -27"><span class='ocrx_word' id='word_1_35' title='bbox 126 1046 254 1118; x_wconf 83' lang='lat' dir='ltr'><strong>parum</strong></span> <span class='ocrx_word' id='word_1_36' title='bbox 279 1036 369 1088; x_wconf 86' lang='lat' dir='ltr'><strong>amat</strong></span> <span class='ocrx_word' id='word_1_37' title='bbox 389 1020 513 1100; x_wconf 88' lang='lat' dir='ltr'><strong>etiam,</strong></span> <span class='ocrx_word' id='word_1_38' title='bbox 536 1017 596 1106; x_wconf 87' lang='lat' dir='ltr'><strong>qui</strong></span> <span class='ocrx_word' id='word_1_39' title='bbox 617 1013 694 1102; x_wconf 91' lang='lat' dir='ltr'><strong>plus</strong></span> <span class='ocrx_word' id='word_1_40' title='bbox 717 1039 831 1083; x_wconf 86' lang='lat' dir='ltr'><strong>amare</strong></span> <span class='ocrx_word' id='word_1_41' title='bbox 849 1042 921 1084; x_wconf 90' lang='lat' dir='ltr'><strong>non</strong></span> <span class='ocrx_word' id='word_1_42' title='bbox 942 1025 1075 1110; x_wconf 88' lang='lat' dir='ltr'><strong>potest)</strong></span> <span class='ocrx_word' id='word_1_43' title='bbox 1098 1022 1165 1093; x_wconf 86' lang='lat' dir='ltr'><strong>alia</strong></span> 
     </span>
     <span class='ocr_line' id='line_1_7' title="bbox 127 1125 1073 1216; baseline -0.003 -15"><span class='ocrx_word' id='word_1_44' title='bbox 127 1135 213 1206; x_wconf 77' lang='lat' dir='ltr'><strong>vitia</strong></span> <span class='ocrx_word' id='word_1_45' title='bbox 232 1142 303 1200; x_wconf 81' lang='lat' dir='ltr'><strong>non</strong></span> <span class='ocrx_word' id='word_1_46' title='bbox 327 1153 447 1216; x_wconf 83' lang='lat' dir='ltr'><strong>nosse,</strong></span> <span class='ocrx_word' id='word_1_47' title='bbox 468 1130 657 1199; x_wconf 85' lang='lat' dir='ltr'><strong>hoc‘etiam</strong></span> <span class='ocrx_word' id='word_1_48' title='bbox 680 1125 892 1214; x_wconf 85' lang='lat' dir='ltr'><strong>(adulandi)</strong></span> <span class='ocrx_word' id='word_1_49' title='bbox 915 1132 1073 1203; x_wconf 88' lang='lat' dir='ltr'><strong>odisse.&#39;’</strong></span> 
     </span>
    </p>

    <p class='ocr_par' dir='ltr' id='par_1_3' title="bbox 125 1223 1172 2248">
     <span class='ocr_line' id='line_1_8' title="bbox 175 1223 1169 1331; baseline 0.004 -15"><span class='ocrx_word' id='word_1_50' title='bbox 175 1250 264 1316; x_wconf 89' lang='lat' dir='ltr'><strong>Cum</strong></span> <span class='ocrx_word' id='word_1_51' title='bbox 295 1246 401 1331; x_wconf 85' lang='lat' dir='ltr'><strong>igitur</strong></span> <span class='ocrx_word' id='word_1_52' title='bbox 431 1245 560 1310; x_wconf 87' lang='lat' dir='ltr'><strong>Seneca</strong></span> <span class='ocrx_word' id='word_1_53' title='bbox 580 1255 624 1306; x_wconf 90' lang='lat' dir='ltr'><strong>&#39;ct</strong></span> <span class='ocrx_word' id='word_1_54' title='bbox 655 1223 768 1311; x_wconf 89' lang='lat' dir='ltr'><strong>Gallio</strong></span> <span class='ocrx_word' id='word_1_55' title='bbox 797 1249 1097 1331; x_wconf 80' lang='lat' dir='ltr'><strong>consanguinitatis</strong></span> <span class='ocrx_word' id='word_1_56' title='bbox 1133 1268 1169 1320; x_wconf 89' lang='lat' dir='ltr'><strong>et</strong></span> 
     </span>
     <span class='ocr_line' id='line_1_9' title="bbox 125 1355 1168 1445; baseline 0.005 -17"><span class='ocrx_word' id='word_1_57' title='bbox 125 1364 249 1435; x_wconf 73' lang='lat' dir='ltr'><strong>amoris</strong></span> <span class='ocrx_word' id='word_1_58' title='bbox 273 1358 382 1426; x_wconf 86' lang='lat' dir='ltr'><strong>mutui</strong></span> <span class='ocrx_word' id='word_1_59' title='bbox 405 1355 482 1445; x_wconf 89' lang='lat' dir='ltr'><strong>plus</strong></span> <span class='ocrx_word' id='word_1_60' title='bbox 509 1380 610 1445; x_wconf 85' lang='lat' dir='ltr'><strong>quam</strong></span> <span class='ocrx_word' id='word_1_61' title='bbox 639 1355 784 1425; x_wconf 81' lang='lat' dir='ltr'><strong>fraterni</strong></span> <span class='ocrx_word' id='word_1_62' title='bbox 814 1359 958 1426; x_wconf 84' lang='lat' dir='ltr'><strong>vinculis</strong></span> <span class='ocrx_word' id='word_1_63' title='bbox 980 1365 1168 1434; x_wconf 84' lang='lat' dir='ltr'><strong>arctissime</strong></span> 
     </span>
     <span class='ocr_line' id='line_1_10' title="bbox 126 1468 1168 1568; baseline 0.002 -26"><span class='ocrx_word' id='word_1_64' title='bbox 126 1476 308 1562; x_wconf 86' lang='lat' dir='ltr'><strong>conjuncti</strong></span> <span class='ocrx_word' id='word_1_65' title='bbox 330 1487 465 1555; x_wconf 80' lang='lat' dir='ltr'><strong>essent3</strong></span> <span class='ocrx_word' id='word_1_66' title='bbox 491 1495 560 1543; x_wconf 84' lang='lat' dir='ltr'><strong>non</strong></span> <span class='ocrx_word' id='word_1_67' title='bbox 587 1468 730 1542; x_wconf 86' lang='lat' dir='ltr'><strong>dubium</strong></span> <span class='ocrx_word' id='word_1_68' title='bbox 751 1485 823 1554; x_wconf 89' lang='lat' dir='ltr'><strong>est,</strong></span> <span class='ocrx_word' id='word_1_69' title='bbox 856 1474 941 1560; x_wconf 88' lang='lat' dir='ltr'><strong>quin</strong></span> <span class='ocrx_word' id='word_1_70' title='bbox 963 1477 1055 1542; x_wconf 87' lang='lat' dir='ltr'><strong>inter</strong></span> <span class='ocrx_word' id='word_1_71' title='bbox 1073 1481 1168 1568; x_wconf 90' lang='lat' dir='ltr'><strong>ipsos</strong></span> 
     </span>
     <span class='ocr_line' id='line_1_11' title="bbox 128 1584 1170 1674; baseline 0.003 -16"><span class='ocrx_word' id='word_1_72' title='bbox 128 1586 370 1666; x_wconf 78' lang='lat' dir='ltr'><strong>commercium</strong></span> <span class='ocrx_word' id='word_1_73' title='bbox 389 1584 610 1674; x_wconf 86' lang='lat' dir='ltr'><strong>epistolarum</strong></span> <span class='ocrx_word' id='word_1_74' title='bbox 627 1585 801 1668; x_wconf 82' lang='lat' dir='ltr'><strong>extiterit,</strong></span> <span class='ocrx_word' id='word_1_75' title='bbox 822 1602 856 1652; x_wconf 90' lang='lat' dir='ltr'><strong>et</strong></span> <span class='ocrx_word' id='word_1_76' title='bbox 871 1586 983 1655; x_wconf 87' lang='lat' dir='ltr'><strong>Gallio</strong></span> <span class='ocrx_word' id='word_1_77' title='bbox 999 1593 1091 1657; x_wconf 88' lang='lat' dir='ltr'><strong>inter</strong></span> <span class='ocrx_word' id='word_1_78' title='bbox 1103 1593 1170 1662; x_wconf 88' lang='lat' dir='ltr'><strong>alia</strong></span> 
     </span>
     <span class='ocr_line' id='line_1_12' title="bbox 126 1696 1170 1794; baseline 0 -19"><span class='ocrx_word' id='word_1_79' title='bbox 126 1696 293 1775; x_wconf 70' lang='lat' dir='ltr'><strong>etiamtlc·</strong></span> <span class='ocrx_word' id='word_1_80' title='bbox 312 1699 419 1767; x_wconf 88' lang='lat' dir='ltr'><strong>Paulo</strong></span> <span class='ocrx_word' id='word_1_81' title='bbox 437 1697 582 1766; x_wconf 77' lang='lat' dir='ltr'><strong>ludaico</strong></span> <span class='ocrx_word' id='word_1_82' title='bbox 602 1700 748 1766; x_wconf 86' lang='lat' dir='ltr'><strong>doctore</strong></span> <span class='ocrx_word' id='word_1_83' title='bbox 773 1699 858 1787; x_wconf 86' lang='lat'><strong>(6),</strong></span> <span class='ocrx_word' id='word_1_84' title='bbox 879 1701 1018 1771; x_wconf 80' lang='lat' dir='ltr'><strong>Iudaeis</strong></span> <span class='ocrx_word' id='word_1_85' title='bbox 1036 1708 1170 1794; x_wconf 85' lang='lat' dir='ltr'><strong>inviso,</strong></span> 
     </span>
     <span class='ocr_line' id='line_1_13' title="bbox 126 1813 1169 1912; baseline 0.006 -28"><span class='ocrx_word' id='word_1_86' title='bbox 126 1816 172 1893; x_wconf 68' lang='lat' dir='ltr'><strong>ad</strong></span> <span class='ocrx_word' id='word_1_87' title='bbox 193 1830 290 1883; x_wconf 85' lang='lat' dir='ltr'><strong>suum</strong></span> <span class='ocrx_word' id='word_1_88' title='bbox 307 1815 458 1881; x_wconf 89' lang='lat' dir='ltr'><strong>tribunal</strong></span> <span class='ocrx_word' id='word_1_89' title='bbox 478 1831 579 1904; x_wconf 88' lang='lat' dir='ltr'><strong>rapto</strong></span> <span class='ocrx_word' id='word_1_90' title='bbox 600 1831 634 1879; x_wconf 91' lang='lat' dir='ltr'><strong>et</strong></span> <span class='ocrx_word' id='word_1_91' title='bbox 653 1813 814 1898; x_wconf 86' lang='lat' dir='ltr'><strong>dimisso,</strong></span> <span class='ocrx_word' id='word_1_92' title='bbox 837 1815 881 1879; x_wconf 89' lang='lat' dir='ltr'><strong>ad</strong></span> <span class='ocrx_word' id='word_1_93' title='bbox 898 1816 1041 1888; x_wconf 85' lang='lat' dir='ltr'><strong>fratrem</strong></span> <span class='ocrx_word' id='word_1_94' title='bbox 1058 1848 1169 1912; x_wconf 90' lang='lat' dir='ltr'><strong>quae·</strong></span> 
     </span>
     <span class='ocr_line' id='line_1_14' title="bbox 129 1928 1170 2021; baseline 0.007 -23"><span class='ocrx_word' id='word_1_95' title='bbox 129 1931 211 1999; x_wconf 90' lang='lat' dir='ltr'><strong>dam</strong></span> <span class='ocrx_word' id='word_1_96' title='bbox 233 1928 431 2018; x_wconf 84' lang='lat' dir='ltr'><strong>scripserit,</strong></span> <span class='ocrx_word' id='word_1_97' title='bbox 466 1928 669 2017; x_wconf 88' lang='lat' dir='ltr'><strong>praesertim</strong></span> <span class='ocrx_word' id='word_1_98' title='bbox 702 1951 781 1994; x_wconf 87' lang='lat' dir='ltr'><strong>cum</strong></span> <span class='ocrx_word' id='word_1_99' title='bbox 810 1929 933 1996; x_wconf 91' lang='lat' dir='ltr'><strong>Paulus</strong></span> <span class='ocrx_word' id='word_1_100' title='bbox 963 1957 1028 2021; x_wconf 87' lang='lat' dir='ltr'><strong>per</strong></span> <span class='ocrx_word' id='word_1_101' title='bbox 1058 1953 1170 2007; x_wconf 89' lang='lat' dir='ltr'><strong>totum</strong></span> 
     </span>
     <span class='ocr_line' id='line_1_15' title="bbox 129 2039 1172 2128; baseline 0.007 -17"><span class='ocrx_word' id='word_1_102' title='bbox 129 2048 262 2119; x_wconf 82' lang='lat' dir='ltr'><strong>annum</strong></span> <span class='ocrx_word' id='word_1_103' title='bbox 281 2059 317 2108; x_wconf 90' lang='lat' dir='ltr'><strong>et</strong></span> <span class='ocrx_word' id='word_1_104' title='bbox 337 2040 520 2109; x_wconf 86' lang='lat' dir='ltr'><strong>dimidium</strong></span> <span class='ocrx_word' id='word_1_105' title='bbox 539 2039 664 2107; x_wconf 90' lang='lat' dir='ltr'><strong>docens</strong></span> <span class='ocrx_word' id='word_1_106' title='bbox 687 2041 897 2128; x_wconf 77' lang='lat' dir='ltr'><strong>evangelium</strong></span> <span class='ocrx_word' id='word_1_107' title='bbox 917 2047 1077 2115; x_wconf 87' lang='lat' dir='ltr'><strong>Corinthi</strong></span> <span class='ocrx_word' id='word_1_108' title='bbox 1103 2050 1172 2118; x_wconf 62' lang='lat' dir='ltr'><strong>de*</strong></span> 
     </span>
     <span class='ocr_line' id='line_1_16' title="bbox 129 2152 1125 2248; baseline 0.004 -23"><span class='ocrx_word' id='word_1_109' title='bbox 129 2170 228 2248; x_wconf 80' lang='lat' dir='ltr'><strong>geret</strong></span> <span class='ocrx_word' id='word_1_110' title='bbox 248 2172 283 2223; x_wconf 90' lang='lat' dir='ltr'><strong>et</strong></span> <span class='ocrx_word' id='word_1_111' title='bbox 303 2152 425 2247; x_wconf 87' lang='lat' dir='ltr'><strong>procul</strong></span> <span class='ocrx_word' id='word_1_112' title='bbox 449 2153 556 2220; x_wconf 90' lang='lat' dir='ltr'><strong>dubio</strong></span> <span class='ocrx_word' id='word_1_113' title='bbox 579 2155 712 2243; x_wconf 87' lang='lat' dir='ltr'><strong>saepius</strong></span> <span class='ocrx_word' id='word_1_114' title='bbox 735 2180 755 2227; x_wconf 86' lang='lat' dir='ltr'><strong>a</strong></span> <span class='ocrx_word' id='word_1_115' title='bbox 775 2156 913 2224; x_wconf 82' lang='lat' dir='ltr'><strong>Judaeis</strong></span> <span class='ocrx_word' id='word_1_116' title='bbox 933 2178 1125 2237; x_wconf 81' lang='lat' dir='ltr'><strong>vexaretur.</strong></span> 
     </span>
    </p>

    <p class='ocr_par' dir='ltr' id='par_1_4' title="bbox 128 2250 1170 2591">
     <span class='ocr_line' id='line_1_17' title="bbox 134 2250 1169 2366; baseline 0.007 -27"><span class='ocrx_word' id='word_1_117' title='bbox 134 2250 136 2255; x_wconf 9' lang='grc' dir='ltr'>ἲ</span> <span class='ocrx_word' id='word_1_118' title='bbox 177 2258 248 2340; x_wconf 77' lang='lat' dir='ltr'><strong>seu</strong></span> <span class='ocrx_word' id='word_1_119' title='bbox 277 2271 420 2336; x_wconf 78' lang='lat' dir='ltr'><strong>lortasse&#39;</strong></span> <span class='ocrx_word' id='word_1_120' title='bbox 440 2292 511 2335; x_wconf 92' lang='lat' dir='ltr'><strong>non</strong></span> <span class='ocrx_word' id='word_1_121' title='bbox 534 2270 620 2333; x_wconf 90' lang='lat' dir='ltr'><strong>tanti</strong></span> <span class='ocrx_word' id='word_1_122' title='bbox 650 2269 739 2335; x_wconf 89' lang='lat' dir='ltr'><strong>visus</strong></span> <span class='ocrx_word' id='word_1_123' title='bbox 764 2288 814 2338; x_wconf 93' lang='lat' dir='ltr'><strong>est</strong></span> <span class='ocrx_word' id='word_1_124' title='bbox 848 2270 971 2340; x_wconf 89' lang='lat' dir='ltr'><strong>Paulus</strong></span> <span class='ocrx_word' id='word_1_125' title='bbox 997 2276 1169 2366; x_wconf 89' lang='lat' dir='ltr'><strong>Gallioni,</strong></span> 
     </span>
     <span class='ocr_line' id='line_1_18' title="bbox 129 2380 1170 2484; baseline 0.005 -30"><span class='ocrx_word' id='word_1_126' title='bbox 129 2386 176 2460; x_wconf 88' lang='lat' dir='ltr'><strong>de</strong></span> <span class='ocrx_word' id='word_1_127' title='bbox 190 2386 260 2477; x_wconf 78' lang='lat' dir='ltr'><strong>q&#39;u&#39;o</strong></span> <span class='ocrx_word' id='word_1_128' title='bbox 274 2380 423 2452; x_wconf 84' lang='lat' dir='ltr'><strong>Senecae</strong></span> <span class='ocrx_word' id='word_1_129' title='bbox 434 2382 533 2459; x_wconf 81' lang='lat' dir='ltr'><strong>fratri</strong></span> <span class='ocrx_word' id='word_1_130' title='bbox 545 2382 732 2463; x_wconf 81' lang='lat' dir='ltr'><strong>scriberet,</strong></span> <span class='ocrx_word' id='word_1_131' title='bbox 751 2410 865 2478; x_wconf 90' lang='lat' dir='ltr'><strong>neque</strong></span> <span class='ocrx_word' id='word_1_132' title='bbox 880 2387 1045 2477; x_wconf 87' lang='lat' dir='ltr'><strong>Senecae,</strong></span> <span class='ocrx_word' id='word_1_133' title='bbox 1065 2418 1170 2484; x_wconf 86' lang='lat' dir='ltr'><strong>quem</strong></span> 
     </span>
     <span class='ocr_line' id='line_1_19' title="bbox 128 2496 982 2591; baseline 0.004 -22"><span class='ocrx_word' id='word_1_134' title='bbox 128 2501 306 2591; x_wconf 85' lang='lat' dir='ltr'><strong>captivum</strong></span> <span class='ocrx_word' id='word_1_135' title='bbox 329 2496 442 2563; x_wconf 83' lang='lat' dir='ltr'><strong>adiret</strong></span> <span class='ocrx_word' id='word_1_136' title='bbox 464 2514 498 2563; x_wconf 91' lang='lat' dir='ltr'><strong>et</strong></span> <span class='ocrx_word' id='word_1_137' title='bbox 522 2520 599 2562; x_wconf 90' lang='lat' dir='ltr'><strong>cum</strong></span> <span class='ocrx_word' id='word_1_138' title='bbox 623 2522 692 2586; x_wconf 87' lang='lat' dir='ltr'><strong>qno</strong></span> <span class='ocrx_word' id='word_1_139' title='bbox 715 2498 982 2590; x_wconf 83' lang='lat' dir='ltr'><strong>colloqueretur.</strong></span> 
     </span>
    </p>

    <p class='ocr_par' dir='ltr' id='par_1_5' title="bbox 117 2592 1171 3045">
     <span class='ocr_line' id='line_1_20' title="bbox 171 2592 1170 2702; baseline 0.017 -25"><span class='ocrx_word' id='word_1_140' title='bbox 171 2592 216 2685; x_wconf 64' lang='grc' dir='ltr'><strong>Ε.</strong></span> <span class='ocrx_word' id='word_1_141' title='bbox 246 2596 284 2681; x_wconf 87' lang='lat' dir='ltr'><strong>&#39;si</strong></span> <span class='ocrx_word' id='word_1_142' title='bbox 306 2609 390 2702; x_wconf 90' lang='lat' dir='ltr'><strong>quid</strong></span> <span class='ocrx_word' id='word_1_143' title='bbox 409 2610 621 2677; x_wconf 89' lang='lat' dir='ltr'><strong>auctoritatis</strong></span> <span class='ocrx_word' id='word_1_144' title='bbox 639 2610 830 2698; x_wconf 84' lang='lat' dir='ltr'><strong>fragmento</strong></span> <span class='ocrx_word' id='word_1_145' title='bbox 852 2617 999 2702; x_wconf 86' lang='lat' dir='ltr'><strong>Longini</strong></span> <span class='ocrx_word' id='word_1_146' title='bbox 1016 2621 1170 2694; x_wconf 84' lang='lat' dir='ltr'><strong>tribuere</strong></span> 
     </span>
     <span class='ocr_line' id='line_1_21' title="bbox 125 2716 1171 2824; baseline 0.01 -29"><span class='ocrx_word' id='word_1_147' title='bbox 125 2716 301 2812; x_wconf 75' lang='lat' dir='ltr'><strong>velimus,</strong></span> <span class='ocrx_word' id='word_1_148' title='bbox 335 2726 482 2794; x_wconf 68' lang='lat' dir='ltr'><strong>Paetus·</strong></span> <span class='ocrx_word' id='word_1_149' title='bbox 505 2727 602 2793; x_wconf 78' lang='lat' dir='ltr'><strong>inter</strong></span> <span class='ocrx_word' id='word_1_150' title='bbox 634 2751 791 2794; x_wconf 80' lang='lat' dir='ltr'><strong>coaevos·</strong></span> <span class='ocrx_word' id='word_1_151' title='bbox 808 2717 1035 2820; x_wconf 81' lang='lat' dir='ltr'><strong>eloquentiae</strong></span> <span class='ocrx_word' id='word_1_152' title='bbox 1059 2737 1171 2824; x_wconf 81' lang='lat' dir='ltr'><strong>famu</strong></span> 
     </span>
     <span class='ocr_line' id='line_1_22' title="bbox 117 2837 1171 2944; baseline 0.003 -31"><span class='ocrx_word' id='word_1_153' title='bbox 117 2840 279 2944; x_wconf 73' lang='lat' dir='ltr'><strong>floruit,</strong></span> <span class='ocrx_word' id='word_1_154' title='bbox 308 2856 344 2907; x_wconf 86' lang='lat' dir='ltr'><strong>et</strong></span> <span class='ocrx_word' id='word_1_155' title='bbox 370 2839 536 2905; x_wconf 86' lang='lat' dir='ltr'><strong>hactenus</strong></span> <span class='ocrx_word' id='word_1_156' title='bbox 568 2837 690 2925; x_wconf 86' lang='lat' dir='ltr'><strong>dignus</strong></span> <span class='ocrx_word' id='word_1_157' title='bbox 719 2840 832 2909; x_wconf 87' lang='lat' dir='ltr'><strong>videri</strong></span> <span class='ocrx_word' id='word_1_158' title='bbox 858 2847 993 2931; x_wconf 85' lang='lat' dir='ltr'><strong>potuit,</strong></span> <span class='ocrx_word' id='word_1_159' title='bbox 1027 2847 1072 2916; x_wconf 84' lang='lat' dir='ltr'><strong>de</strong></span> <span class='ocrx_word' id='word_1_160' title='bbox 1100 2874 1171 2943; x_wconf 85' lang='lat' dir='ltr'><strong>quc</strong></span> 
     </span>
     <span class='ocr_line' id='line_1_23' title="bbox 127 2955 1082 3045; baseline 0.005 -20"><span class='ocrx_word' id='word_1_161' title='bbox 127 2955 247 3039; x_wconf 67' lang='lat' dir='ltr'><strong>⁸Gallio</strong></span> <span class='ocrx_word' id='word_1_162' title='bbox 269 2955 420 3026; x_wconf 68' lang='lat' dir='ltr'><strong>Senecae</strong></span> <span class='ocrx_word' id='word_1_163' title='bbox 441 2956 609 3020; x_wconf 84' lang='lat' dir='ltr'><strong>scriberet</strong></span> <span class='ocrx_word' id='word_1_164' title='bbox 630 2972 664 3020; x_wconf 90' lang='lat' dir='ltr'><strong>et</strong></span> <span class='ocrx_word' id='word_1_165' title='bbox 689 2979 790 3045; x_wconf 88' lang='lat' dir='ltr'><strong>quem</strong></span> <span class='ocrx_word' id='word_1_166' title='bbox 810 2957 941 3025; x_wconf 86' lang='lat' dir='ltr'><strong>Seneca</strong></span> <span class='ocrx_word' id='word_1_167' title='bbox 959 2959 1082 3030; x_wconf 87' lang='lat' dir='ltr'><strong>adiret.</strong></span> 
     </span>
    </p>

    <p class='ocr_par' dir='ltr' id='par_1_6' title="bbox 122 3066 1266 3736">
     <span class='ocr_line' id='line_1_24' title="bbox 171 3066 1266 3161; baseline 0.005 -25"><span class='ocrx_word' id='word_1_168' title='bbox 171 3072 278 3139; x_wconf 80' lang='lat' dir='ltr'><strong>Extat</strong></span> <span class='ocrx_word' id='word_1_169' title='bbox 306 3091 430 3160; x_wconf 84' lang='lat' dir='ltr'><strong>nempe</strong></span> <span class='ocrx_word' id='word_1_170' title='bbox 455 3066 685 3153; x_wconf 84' lang='lat' dir='ltr'><strong>fragmentum</strong></span> <span class='ocrx_word' id='word_1_171' title='bbox 709 3070 876 3154; x_wconf 87' lang='lat' dir='ltr'><strong>Longini,</strong></span> <span class='ocrx_word' id='word_1_172' title='bbox 908 3075 1003 3161; x_wconf 88' lang='lat' dir='ltr'><strong>qnod</strong></span> <span class='ocrx_word' id='word_1_173' title='bbox 1027 3079 1171 3149; x_wconf 73' lang='lat' dir='ltr'><strong>Hudso-</strong></span> <span class='ocrx_word' id='word_1_174' title='bbox 1217 3084 1220 3090; x_wconf 84' lang='lat'>&#39;</span> <span class='ocrx_word' id='word_1_175' title='bbox 1255 3103 1266 3123; x_wconf 92' lang='lat'><strong>·</strong></span> 
     </span>
     <span class='ocr_line' id='line_1_25' title="bbox 126 3179 1170 3283; baseline 0.001 -25"><span class='ocrx_word' id='word_1_176' title='bbox 126 3188 208 3258; x_wconf 80' lang='lat' dir='ltr'><strong>nius</strong></span> <span class='ocrx_word' id='word_1_177' title='bbox 234 3198 371 3275; x_wconf 88' lang='lat' dir='ltr'><strong>etpost</strong></span> <span class='ocrx_word' id='word_1_178' title='bbox 397 3205 474 3248; x_wconf 87' lang='lat' dir='ltr'><strong>eum</strong></span> <span class='ocrx_word' id='word_1_179' title='bbox 493 3183 551 3250; x_wconf 86' lang='lat' dir='ltr'><strong>alii</strong></span> <span class='ocrx_word' id='word_1_180' title='bbox 572 3179 723 3247; x_wconf 84' lang='lat' dir='ltr'><strong>editores</strong></span> <span class='ocrx_word' id='word_1_181' title='bbox 747 3184 895 3267; x_wconf 90' lang='lat' dir='ltr'><strong>Longini</strong></span> <span class='ocrx_word' id='word_1_182' title='bbox 917 3198 1077 3259; x_wconf 89' lang='lat' dir='ltr'><strong>tractatui</strong></span> <span class='ocrx_word' id='word_1_183' title='bbox 1101 3201 1170 3283; x_wconf 57' lang='grc' dir='ltr'><strong>περὶ</strong></span> 
     </span>
     <span class='ocr_line' id='line_1_26' title="bbox 126 3296 1173 3391; baseline 0.009 -27"><span class='ocrx_word' id='word_1_184' title='bbox 126 3303 232 3391; x_wconf 55' lang='lat' dir='ltr'><strong>§eone</strong></span> <span class='ocrx_word' id='word_1_185' title='bbox 249 3296 484 3374; x_wconf 82' lang='lat' dir='ltr'><strong>addiderunt,</strong></span> <span class='ocrx_word' id='word_1_186' title='bbox 516 3297 618 3380; x_wconf 79' lang='lat' dir='ltr'><strong>hujus</strong></span> <span class='ocrx_word' id='word_1_187' title='bbox 644 3298 854 3379; x_wconf 71' lang='lat' dir='ltr'><strong>argumentis</strong></span> <span class='ocrx_word' id='word_1_188' title='bbox 889 3307 1015 3386; x_wconf 77' lang='grc' dir='ltr'><strong>Κορωνὶς</strong></span> <span class='ocrx_word' id='word_1_189' title='bbox 1043 3309 1072 3376; x_wconf 79' lang='grc' dir='ltr'><strong>δ’</strong></span> <span class='ocrx_word' id='word_1_190' title='bbox 1093 3312 1173 3382; x_wconf 60' lang='grc' dir='ltr'><strong>ἔστω</strong></span> 
     </span>
     <span class='ocr_line' id='line_1_27' title="bbox 123 3406 1172 3506; baseline 0 -21"><span class='ocrx_word' id='word_1_191' title='bbox 123 3406 226 3506; x_wconf 57' lang='lat' dir='ltr'><strong>&#39;alym</strong></span> <span class='ocrx_word' id='word_1_192' title='bbox 248 3417 363 3492; x_wconf 74' lang='grc' dir='ltr'><em>πνιντός</em></span> <span class='ocrx_word' id='word_1_193' title='bbox 386 3413 438 3482; x_wconf 78' lang='lat' dir='ltr'><strong>acl</strong></span> <span class='ocrx_word' id='word_1_194' title='bbox 460 3410 655 3498; x_wconf 66' lang='grc' dir='ltr'><em>Φρσνῆμνντνν</em></span> <span class='ocrx_word' id='word_1_195' title='bbox 668 3418 848 3494; x_wconf 60' lang='lat' dir='ltr'><strong>‘Etleuam</strong></span> <span class='ocrx_word' id='word_1_196' title='bbox 868 3421 1082 3503; x_wconf 71' lang='grc' dir='ltr'><em>Δνμεσθέννς,</em></span> <span class='ocrx_word' id='word_1_197' title='bbox 1105 3435 1172 3492; x_wconf 62' lang='lat' dir='ltr'><strong>Ae,</strong></span> 
     </span>
     <span class='ocr_line' id='line_1_28' title="bbox 122 3525 1174 3619; baseline 0.002 -15"><span class='ocrx_word' id='word_1_198' title='bbox 122 3536 227 3619; x_wconf 70' lang='lat' dir='ltr'><strong>elue,</strong></span> <span class='ocrx_word' id='word_1_199' title='bbox 255 3527 430 3611; x_wconf 68' lang='lat' dir='ltr'><strong>Alexione.</strong></span> <span class='ocrx_word' id='word_1_200' title='bbox 461 3527 675 3610; x_wconf 49' lang='lat' dir='ltr'><strong>&#39;atravatrum</strong></span> <span class='ocrx_word' id='word_1_201' title='bbox 706 3525 841 3605; x_wconf 67' lang='grc' dir='ltr'><strong>Ἰσαῖον,</strong></span> <span class='ocrx_word' id='word_1_202' title='bbox 874 3535 1061 3616; x_wconf 67' lang='grc' dir='ltr'><em>Τίμαρχον,</em></span> <span class='ocrx_word' id='word_1_203' title='bbox 1096 3535 1174 3606; x_wconf 83' lang='grc' dir='ltr'>Ἰσο-</span> 
     </span>
     <span class='ocr_line' id='line_1_29' title="bbox 129 3643 1172 3736; baseline 0.009 -24"><span class='ocrx_word' id='word_1_204' title='bbox 129 3651 269 3736; x_wconf 48' lang='grc' dir='ltr'><strong>κράτης,</strong></span> <span class='ocrx_word' id='word_1_205' title='bbox 291 3645 516 3726; x_wconf 75' lang='grc' dir='ltr'><em>Δημοσθέννςό</em></span> <span class='ocrx_word' id='word_1_206' title='bbox 538 3644 591 3712; x_wconf 73' lang='lat' dir='ltr'><strong>acl</strong></span> <span class='ocrx_word' id='word_1_207' title='bbox 611 3643 762 3727; x_wconf 66' lang='lat' dir='ltr'><strong>Kalliroe,</strong></span> <span class='ocrx_word' id='word_1_208' title='bbox 785 3653 941 3733; x_wconf 74' lang='grc' dir='ltr'><em>Ξενοφῶν,</em></span> <span class='ocrx_word' id='word_1_209' title='bbox 965 3650 1037 3730; x_wconf 68' lang='grc' dir='ltr'><strong>πρὸς</strong></span> <span class='ocrx_word' id='word_1_210' title='bbox 1054 3651 1172 3731; x_wconf 71' lang='grc' dir='ltr'><strong>τούτοις</strong></span> 
     </span>
    </p>
   </div>
   <div class='ocr_carea' id='block_1_3' title="bbox 132 3824 312 3848">
    <p class='ocr_par' dir='ltr' id='par_1_7' title="bbox 132 3824 312 3848">
     <span class='ocr_line' id='line_1_30' title="bbox 132 3824 312 3848; baseline -0.011 -5"><span class='ocrx_word' id='word_1_211' title='bbox 132 3824 312 3848; x_wconf 44' lang='grc' dir='ltr'><strong>μ</strong></span> 
     </span>
    </p>
   </div>
   <div class='ocr_carea' id='block_1_4' title="bbox 113 3910 1174 4179">
    <p class='ocr_par' dir='ltr' id='par_1_8' title="bbox 113 3910 1174 4179">
     <span class='ocr_line' id='line_1_31' title="bbox 162 3910 1174 4003; baseline 0.001 -17"><span class='ocrx_word' id='word_1_212' title='bbox 162 3930 221 4003; x_wconf 85' lang='grc'><strong>(6)</strong></span> <span class='ocrx_word' id='word_1_213' title='bbox 248 3910 367 3986; x_wconf 78' lang='lat' dir='ltr'><strong>Fortasse</strong></span> <span class='ocrx_word' id='word_1_214' title='bbox 391 3931 490 3999; x_wconf 85' lang='lat' dir='ltr'><strong>Lucas,</strong></span> <span class='ocrx_word' id='word_1_215' title='bbox 513 3928 629 3983; x_wconf 85' lang='lat' dir='ltr'><strong>assiduus</strong></span> <span class='ocrx_word' id='word_1_216' title='bbox 646 3929 722 3984; x_wconf 81' lang='lat' dir='ltr'><strong>Pauli</strong></span> <span class='ocrx_word' id='word_1_217' title='bbox 742 3947 826 3984; x_wconf 85' lang='lat' dir='ltr'><strong>comes</strong></span> <span class='ocrx_word' id='word_1_218' title='bbox 849 3948 930 4001; x_wconf 84' lang='lat' dir='ltr'><strong>neque</strong></span> <span class='ocrx_word' id='word_1_219' title='bbox 948 3931 1026 3985; x_wconf 82' lang='lat' dir='ltr'><strong>etiarn</strong></span> <span class='ocrx_word' id='word_1_220' title='bbox 1044 3933 1174 4002; x_wconf 77' lang='lat' dir='ltr'><strong>captivum</strong></span> 
     </span>
     <span class='ocr_line' id='line_1_32' title="bbox 126 4015 1172 4092; baseline 0.007 -19"><span class='ocrx_word' id='word_1_221' title='bbox 126 4019 277 4092; x_wconf 66' lang='lat' dir='ltr'><strong>apostolur&#39;n</strong></span> <span class='ocrx_word' id='word_1_222' title='bbox 298 4019 432 4086; x_wconf 78' lang='lat' dir='ltr'><strong>deserens,</strong></span> <span class='ocrx_word' id='word_1_223' title='bbox 457 4017 599 4070; x_wconf 81' lang='lat' dir='ltr'><strong>reverentia</strong></span> <span class='ocrx_word' id='word_1_224' title='bbox 619 4034 679 4085; x_wconf 81' lang='lat' dir='ltr'><strong>erga</strong></span> <span class='ocrx_word' id='word_1_225' title='bbox 696 4016 816 4070; x_wconf 73' lang='lat' dir='ltr'><strong>Senecam</strong></span> <span class='ocrx_word' id='word_1_226' title='bbox 834 4015 941 4087; x_wconf 80' lang='lat' dir='ltr'><strong>ductos,</strong></span> <span class='ocrx_word' id='word_1_227' title='bbox 968 4018 995 4072; x_wconf 88' lang='lat' dir='ltr'><strong>iu</strong></span> <span class='ocrx_word' id='word_1_228' title='bbox 1019 4021 1091 4080; x_wconf 77' lang='lat' dir='ltr'><strong>Actis</strong></span> <span class='ocrx_word' id='word_1_229' title='bbox 1117 4035 1172 4086; x_wconf 81' lang='lat' dir='ltr'><strong>tum</strong></span> 
     </span>
     <span class='ocr_line' id='line_1_33' title="bbox 113 4102 974 4179; baseline -0.003 -16"><span class='ocrx_word' id='word_1_230' title='bbox 113 4104 377 4179; x_wconf 64' lang='lat' dir='ltr'><strong>&#39;temporis&#39;scr‘iptis</strong></span> <span class='ocrx_word' id='word_1_231' title='bbox 394 4102 529 4168; x_wconf 71' lang='lat' dir='ltr'><strong>usmetis</strong></span> <span class='ocrx_word' id='word_1_232' title='bbox 542 4103 710 4168; x_wconf 76' lang='lat' dir='ltr'><strong>honorificam</strong></span> <span class='ocrx_word' id='word_1_233' title='bbox 728 4105 884 4166; x_wconf 64' lang='lat' dir='ltr'><strong>nectutem</strong></span> <span class='ocrx_word' id='word_1_234' title='bbox 903 4105 974 4168; x_wconf 79' lang='lat' dir='ltr'><strong>feeit.</strong></span> 
     </span>
    </p>
   </div>
   <div class='ocr_carea' id='block_1_5' title="bbox 0 0 1309 4740">
    <p class='ocr_par' dir='ltr' id='par_1_9' title="bbox 0 0 1309 4740">
     <span class='ocr_line' id='line_1_34' title="bbox 0 0 1309 4740; baseline 0 0"><span class='ocrx_word' id='word_1_235' title='bbox 0 0 1309 4740; x_wconf 95' lang='lat' dir='ltr'><strong> </strong></span> 
     </span>
    </p>
   </div>
  </div>
 </body>
</html>
