2604 4740
571 392 754 487 (158)

174 581 330 648 Fortasse
354 600 394 644 ca
416 577 558 668 scripsit
580 579 733 675 Seneca,
752 601 830 647 cum
849 580 1004 650 nondum
1026 609 1172 658 scensa-

132 696 255 762 tiorem
274 693 430 759 notitiam
456 693 631 779 religionis
657 695 825 761 Mosaicae
845 696 910 762 sihi
933 720 1171 789 comparasset.

136 809 208 878 Sed
228 809 256 874 si
280 807 333 875 vel
354 829 541 896 ponamus,
572 805 708 874 Judaeis
737 807 903 876 Senecam
930 834 1001 879 non
1026 815 1168 902 lavisse,

128 923 169 993 id
180 938 314 989 tantum
330 922 445 1005 abest,
467 938 507 987 nt
524 921 690 989 Senecam
706 947 725 989 n
739 922 845 992 Paulo
859 927 1100 1011 cognoscendo
1113 930 1170 999 de-

133 1052 302 1120 terreret,
326 1053 364 1101 nt
384 1056 425 1101 eo
442 1039 640 1125 proniorem
658 1036 795 1104 eumad
813 1038 956 1106 Paulum
970 1039 1169 1115 adeundum

130 1151 280 1221 reddere
302 1167 427 1242 posset.
482 1150 636 1216 Burrhns
658 1152 752 1216 enim
769 1150 813 1217 de
834 1151 939 1219 Paulo
962 1178 1034 1222 non
1059 1158 1169 1231 solum

133 1267 308 1357 'tamquam
322 1263 463 1332 doctore
480 1263 641 1348 ludaico,
664 1263 724 1331 sed
743 1268 878 1332 etiams
894 1266 1032 1336 Judaeis
1049 1292 1168 1344 vexato

132 1381 221 1450 etob
235 1381 433 1474 apostasiam
446 1403 465 1442 a
478 1375 549 1461 lege
562 1378 711 1446 Mosaica
729 1395 887 1447 accusato
903 1395 938 1448 et
953 1406 1041 1451 nova
1057 1410 1167 1476 qnae·

130 1493 213 1562 dam
236 1511 270 1559 et
288 1490 448 1578 religioni
473 1488 680 1559 ludaeorum
703 1490 843 1560 adversa
862 1493 1009 1565 docente
1034 1499 1170 1571 locutus

130 1626 194 1676 est.
250 1608 360 1692 Igitur
392 1607 462 1672 site
496 1601 748 1690 cognoscendae
776 1609 966 1678 accuratius
994 1611 1170 1703 religionis

128 1723 292 1793 Iudaicae
312 1718 477 1810 cupidus,
504 1717 575 1785 sive
596 1715 829 1787 adversarium
849 1721 1022 1810 religionis
1040 1730 1167 1800 Judai.

132 1858 357 1925 caecumque
379 1831 556 1901 doctorem
576 1831 758 1899 Judaicnm
775 1859 794 1901 a
813 1835 951 1904 ludaeis
977 1860 1169 1918 accusatum

131 1970 168 2020 et
178 1951 421 2018 eruditione'et
432 1946 1170 2045 eloquentiainsignemaudit'urus,Paulum

127 2068 302 2155 captivum
323 2062 420 2133 adiit.

175 2184 220 2249 D.
249 2181 367 2271 Atque
386 2200 427 2244 eo
445 2174 568 2263 majori
588 2173 759 2244 desiderio
777 2177 873 2245 Pauli
894 2179 1039 2251 videndi
1061 2201 1098 2254 et
1113 2198 1175 2266 ου’-ζ

123 2278 318 2388 ’ςιιοιιειιᾶἰ
342 2290 485 2357 ductum
516 2314 587 2356 esse
616 2289 783 2359 Senecam
810 2294 1027 2365 contendere·
1044 2324 1172 2388 possu-

119 2405 226 2492 mus,
251 2427 322 2499 qno
340 2403 553 2474 verisimilius
574 2418 649 2482 est,
670 2429 753 2472 eum
761 2408 847 2497 jam
864 2424 973 2478 antea
994 2413 1039 2481 de
1052 2416 1172 2485 Paulo

131 2539 320 2613 tamquam
349 2520 496 2586 doctore
524 2516 880 2612 Judaico'perqucm
910 2527 1079 2609 erudito,
1109 2535 1175 2602 aed

129 2638 286 2712 ,ludaeis
306 2636 440 2713 inviso,
462 2634 633 2701 nonnullo
654 2635 850 2728 audivisse.

173 2755 344 2821 Narratur
370 2748 462 2813 enim
492 2746 613 2815 Actor.
637 2746 776 2827 XVIII,
798 2771 863 2833 12,
894 2750 1063 2836 Paulum,
1095 2782 1173 2831 cum

126 2865 340 2952 evangelium
358 2861 565 2953 praedicans
587 2861 747 2930 Corinthi
765 2883 1053 2949 commoraretur,
1077 2874 1171 2945 aJn.

129 2983 224 3050 dacis
247 2980 292 3048 ob
316 3001 390 3044 eam
411 3000 487 3043 rem
507 2973 559 3045 illi
586 2974 730 3042 infensis
761 2976 805 3044 ad
835 2978 987 3046 tribunal
1003 2980 1171 3055 Gallionis

69 3166 71 3171 .
127 3092 345 3188 proconsulis
371 3088 523 3175 Achaiae
547 3105 687 3178 raptum
714 3115 807 3170 esse,
835 3109 876 3159 ut
894 3096 1041 3182 pr'opter
1059 3098 1171 3168 viola·

131 3227 201 3280 tam
219 3206 350 3296 patriae
372 3201 544 3290 religionis
565 3204 780 3272 sanctitatem
801 3208 898 3292 justia
917 3209 1038 3296 poenis
1051 3212 1169 3283 allice·

128 3342 251 3407 retnr;
277 3318 338 3387 sed
350 3343 370 3385 a
382 3318 560 3401 Gallione,
583 3316 769 3406 objurgatis
782 3322 1055 3407 accusatoribus,
1074 3325 1170 3421 qnod

129 3464 204 3508 rem
225 3451 260 3504 et
287 3435 519 3525 quaestionem
538 3431 582 3498 de
604 3434 792 3519 religione,
822 3438 920 3521 cujus
942 3436 1074 3505 arbiter
1094 3458 1168 3510 nott

127 3554 237 3645 possit
255 3573 348 3632 esse,
370 3545 539 3636 adipsum
551 3544 775 3634 detulissent,
797 3549 973 3641 impunem
989 3540 1168 3623 dimissum

127 3690 213 3735 csse.
255 3664 320 3729 Hic
340 3683 422 3728 vero
441 3659 555 3727 Gallio
571 3661 637 3727 suit
661 3662 767 3731 irater
793 3665 965 3748 Senecae,
987 3681 1087 3733 antea
1105 3666 1167 3735 di·

130 3798 206 3850 ctus
228 3780 366 3846 Marcus
390 3778 551 3841 Annaeus
574 3775 723 3860 Seneca,
754 3776 883 3845 deinde
904 3802 1005 3858 vero,
1030 3807 1049 3849 a
1073 3781 1167 3851 Gal-

123 3892 216 3965 lione
237 3892 375 3959 rhetore
398 3888 602 3980 adoptatus,
635 3891 757 3959 Junius
779 3894 939 3960 Annaeus
961 3891 1167 3967 Gallione-

123 4025 217 4076 catus
237 4022 311 4088 est,
331 4003 445 4088 idem,
468 4003 514 4070 ad
529 4027 634 4093 quem
655 4006 785 4073 Seneca
811 4008 919 4075 libros
937 4005 981 4075 de
998 4007 1053 4076 ira
1070 4013 1167 4080 scri-

119 4122 208 4216 psit,
232 4119 383 4189 Senccac'
394 4118 627 4193 amicissimus.
652 4118 725 4215 Cir.
741 4124 858 4197 Tacit.
872 4122 967 4192 Ann.
982 4122 1083 4213 XVI,
1100 4150 1164 4219 ¹7³
