2604 4740
547 393 739 501 (ns)

125 597 311 679 dicantur,
340 581 378 662 in
399 599 509 686 eoque
534 595 711 682 vestigium
740 579 999 666 non-Paulinae
1020 577 1163 687 originid

124 715 229 799 huius
245 707 408 801 epistolae
428 709 696 796 deprehendisse
714 709 845 797 opinati
865 725 957 778 sunt.
1001 709 1162 800 Hugine

126 826 370 914 (Einleitung
390 823 434 888 Τ.
447 819 504 903 ΙΙ,
526 819 673 908 p.469.)
697 839 835 903 monet,
856 822 1016 892 eeclesias
1036 827 1160 897 Palae·

125 921 292 1008 atinenses
312 938 348 1002 in
369 958 410 1003 eo
428 933 576 1002 diversas
593 933 637 999 ab
654 932 727 998 aliis
745 933 894 1001 ecelesiis
915 936 1042 1021 fuisse,-
1065 939 1162 1030 qnod

126 1074 199 1118 non
214 1048 322 1115 solnm
343 1074 360 1113 a
381 1044 613 1138 presbyteriit
635 1044 699 1111 sed
718 1046 761 1112 ab
776 1048 858 1136 ipsis
875 1046 1057 1136 apostolis,
1081 1074 1112 1119 e.
1131 1076 1163 1141 8⁵

129 1163 258 1229 Jacobo
276 1175 311 1226 et
329 1157 484 1226 Jobanne
506 1181 692 1248 eorumque
715 1162 814 1226 sociis
835 1160 990 1229 Bernaba
1014 1178 1050 1229 et
1070 1162 1163 1251 Silo,

128 1290 349 1364 regerentur,
366 1270 481 1336 ethos
498 1271 727 1359 apostolorum
737 1271 845 1338 socios
862 1277 974 1342 vocari
987 1276 1068 1344 Aet.
1079 1277 1166 1364 xv,-

131 1408 197 1471 πυ,
219 1389 330 1472 dairas
341 1388 538 1469 ἡγουμένους.
573 1385 731 1467 Fortasse
749 1385 914 1454 antistites
932 1385 1166 1460 Hebraeorum

128 1514 298 1569 rorantur
310 1501 471 1582 ἡγούμενοι
491 1519 569 1564 cum
584 1497 732 1588 quadam
750 1500 942 1567 reverentia
955 1519 1034 1584 erga
1049 1501 1167 1570 Iesum

132 1627 168 1681 et
190 1625 350 1703 respectu
376 1608 420 1675 sd
446 1630 544 1693 eum,
574 1613 635 1701 qui
667 1626 809 1681 vocatur
839 1615 980 1702 dpxnyde
1009 1609 1168 1697 X11.s,·

130 1725 264 1815 prinus
289 1723 380 1790 inter
397 1727 581 1809 ἡγουμένους
602 1722 901 1810 Christianorum,
922 1731 1037 1814 ποιμὴν
1060 1732 1170 1816 μέγαρ’

131 1861 180 1907 rs.
201 1860 254 1907 21.
300 1836 370 1906 Sed
391 1837 435 1904 de
454 1837 519 1905 hae
536 1861 617 1907 voce
633 1839 672 1906 in
695 1837 806 1930 eapite
828 1837 949 1910 ultimo
970 1867 1064 1911 meae
1086 1860 1165 1914 trad

132 1951 288 2017 stationis
314 1951 415 2038 plura
440 1948 614 2018 dicentur.

177 2062 235 2131 Ad
257 2086 306 2132 vs.
327 2066 378 2133 16·
413 2074 480 2142 Τῆς
496 2069 635 2143 tiresiae
651 2068 704 2136 κυὶ
725 2071 877 2148 tesnerias
892 2072 938 2152 teis
957 2073 1167 2145 ἔπολοουθέυε·

133 2185 206 2251 οδε·
243 2181 403 2273 τοιούτους
425 2183 488 2263 γὰρ
521 2181 636 2257 desiste
675 2185 838 2265 εὐυοεοτοῒ
861 2187 879 2253 d
906 2185 981 2254 tet.
1036 2182 1169 2256 Seneca*

133 2295 245 2388 Epist.
266 2297 328 2384 95⁸
364 2292 460 2363 «Vis
476 2292 563 2358 Deos
586 2291 806 2385 propitiare?
839 2299 950 2364 Bonus
969 2313 1064 2385 esto3
1086 2302 1170 2370 satiu'

132 2409 209 2476 illos
248 2405 374 2480 soluit,
410 2405 565 2494 quisquis
592 2405 741 2475 imitatus
769 2408 860 2478 est.”
901 2412 951 2479 De
987 2415 1168 2505 Ben.1V,·

132 2526 197 2592 262
243 2519 317 2592 «Si
345 2518 434 2585 Deos
460 2514 620 2599 imitaris,
643 2519 688 2587 da
709 2540 745 2590 et
769 2525 910 2611 ingratis
933 2526 1168 2616 beneficium,

130 2661 212 2706 nam
231 2650 267 2702 et
288 2615 337 2701 sol
356 2634 467 2700 oritdr
486 2617 698 2703 sceleratisss'·
732 2637 817 2721 VH,
842 2642 903 2710 51:
940 2642 1033 2713 «Dii
1050 2642 1167 2713 bene·

132 2750 211 2820 fieia
235 2748 471 2838 ignorantibus
498 2747 580 2816 dare
603 2750 799 2842 incipiunt,
834 2755 975 2842 ingratis
998 2777 1165 2846 perserv'

129 2884 233 2950 rant,
255 2888 350 2932 more
371 2864 576 2957 optimorum
597 2881 800 2956 parentum,
824 2869 884 2960 qui
900 2869 1092 2942 maledictis
1110 2875 1165 2946 in·

130 2980 265 3052 fantum
291 2999 430 3044 suorum
450 2976 626 3063 arrident5
662 3000 734 3046 non
763 3000 893 3050 cessant
915 2984 972 3053 Dii
996 2986 1168 3060 beneficis

134 3110 339 3182 congerere,
374 3100 541 3181 spargunt
565 3095 769 3186 opportunis
790 3097 957 3167 imbribus
978 3115 1097 3173 terras.
1124 3104 1167 3162 -ὲ

128 3211 304 3281 imitemur
332 3193 450 3274 illos.”'
491 3207 689 3277 Notandum
716 3225 786 3291 est,
809 3226 982 3284 auctorem
1006 3235 1168 3292 nostrum

129 3316 270 3419 praeter
291 3344 409 3388 vocem
431 3327 552 3394 εὖπυοΐοο
571 3323 690 3410 (ἅπαξ
707 3329 808 3413 tay.)
837 3329 886 3395 nti
905 3331 1072 3403 vocabulo
1094 3363 1165 3406 κου·

131 3441 241 3519 savia,
265 3458 334 3523 quo
354 3450 389 3515 et
409 3438 507 3524 eujus
528 3435 688 3505 derivatis
707 3432 817 3507 Stoici
830 3456 931 3530 saepe
952 3434 1098 3513 ntu'ntur
1116 3438 1162 3515 ad

130 3534 346 3627 docendum,
367 3547 541 3617 hominem
562 3566 679 3619 natum
699 3572 792 3635 esse,
805 3569 843 3619 nt
862 3578 940 3622 cunr
958 3554 1030 3625 aliis
1051 3559 1168 3647 vivatff

130 3667 202 3733 iliis
220 3665 402 3742 inserviat,
425 3662 496 3729 aliis
513 3661 718 3732 benefaciat.
740 3666 871 3735 Anton.
888 3669 973 3747 Vll,
996 3674 1041 3742 55
1050 3701 1060 3739 ο
1089 3675 1169 3745 Pri.

41 3790 44 3794 ’
127 3770 272 3848 nrarium
299 3779 338 3845 in
362 3777 510 3846 bominis
535 3797 656 3846 natura
684 3796 735 3847 est
757 3787 793 3852 si
822 3789 971 3858 sorvabat
985 3772 1011 3855 ·¹
1039 3790 1093 3873 Χ,
1118 3795 1163 3862 6ο

130 3900 227 3967 Οὐδὲν
248 3886 353 3980 πράξω
369 3873 583 3973 ¹adsentientes·
635 3894 692 3962 Sic
715 3913 750 3962 et
775 3897 812 3961 in
835 3899 908 3965 aliis
931 3899 1026 3970 loeis.
1070 3905 1167 3977 Nutn

130 4013 264 4080 κουονὶοο
284 4009 351 4074 boe
377 4005 455 4074 loeo
480 4005 621 4074 denotet
641 4010 822 4097 pecuniam
848 4013 987 4102 publice
1014 4017 1051 4083 in
1083 4040 1173 4087 usus
