2604 4740
504 424 682 514 (231')

60 607 190 693 satana,
213 610 301 676 sicut
327 610 420 677 Deus
448 634 488 677 ex
519 611 696 688 machina,
719 611 755 676 in
782 626 907 676 terram
927 608 1107 702 deseendit

58 706 92 790 el
119 719 213 790 inler
243 724 399 791 homines
435 722 598 812 dissipata
628 744 703 805 est,
733 724 817 808 sed,
840 742 1040 814 praeparata
1068 740 1104 792 et

56 850 247 903 sustentata
282 837 451 905 Mosaicae
481 836 654 924 religionis
688 856 723 907 et
757 838 976 905 ethnicorum
1016 838 1101 930 phi-

54 948 281 1039 losophorum
308 950 465 1041 placitis,
498 955 596 1020 brevi
623 971 777 1044 tempore
808 969 859 1019 tot
882 951 1037 1020 homines
1063 977 1105 1020 ex

56 1065 214 1131 omnihus
241 1067 374 1156 populis
400 1082 501 1133 nacta
530 1084 582 1133 est
610 1068 759 1134 fautores
783 1084 817 1133 et
839 1066 991 1133 asseclas.
1034 1068 1103 1133 Ni-

57 1170 116 1245 hil¹
147 1203 227 1264 ergo
263 1181 465 1248 auctoritate
500 1179 673 1267 religionis
708 1180 923 1248 Christianae
965 1179 1104 1269 indigni

56 1293 222 1359 statuitur
262 1294 305 1359 ab
341 1294 416 1374 his,
453 1294 513 1385 qui
536 1309 684 1387 putant,
712 1319 753 1361 ex
785 1294 977 1362 Stoicorum
1002 1297 1104 1362 etiam

56 1405 195 1497 placitis
233 1425 266 1472 et
303 1407 400 1476 libris
439 1406 606 1475 nonnulla
638 1434 657 1474 a
685 1406 882 1475 doctoribus
913 1407 1105 1497 primitivae

54 1520 218 1590 ecciesiae
249 1520 369 1588 hausta
399 1539 435 1590 et
461 1523 499 1589 in
529 1545 609 1588 usus
647 1521 922 1590 Christianorum
953 1519 1102 1589 mansla-

55 1651 88 1702 ta
110 1657 196 1702 esse·

98 1772 131 1817 2.
159 1749 318 1826 Deinde.
341 1753 429 1833 ista,
455 1776 546 1839 quae
566 1751 604 1816 in
625 1752 789 1839 epistolia
812 1749 960 1817 Paulinis
978 1767 1013 1819 et
1034 1775 1102 1817 no·

57 1865 214 1931 minatim
238 1863 275 1930 in
298 1863 442 1951 epistola
463 1864 506 1931 ad
539 1865 710 1931 Hebraeos
735 1865 926 1934 Stoicorum
951 1865 1107 1951 dogmata

55 1979 216 2068 sapiunt,
233 1981 369 2071 nullam
385 1980 477 2069 apud
495 2000 557 2045 nos
574 1981 835 2047 auctoritatem
849 1977 999 2061 habent,
1011 2002 1104 2070 quo·

56 2090 153 2158 niam
176 2091 291 2160 Stoica
311 2110 414 2176 sunt,
437 2096 497 2160 sed
528 2093 691 2186 quoniam
709 2092 831 2159 Paulus
853 2091 894 2158 iis
915 2115 996 2157 usus
1026 2109 1102 2172 est,

54 2229 185 2294 suaque
205 2207 406 2274 auctoritate
426 2207 612 2298 apostolica
632 2233 671 2275 ea
684 2208 797 2275 sanxit
822 2221 857 2272 et
878 2206 1104 2274 confirmavit.

102 2322 136 2390 3·
159 2320 276 2387 Porro
299 2319 491 2417 apostolum
509 2345 548 2388 ea
569 2321 807 2389 tantummodo
829 2347 847 2388 a
869 2319 998 2387 Seneca
1023 2345 1104 2386 mu·

56 2451 191 2501 tuatum
218 2459 289 2502 esse
317 2432 459 2501 Paulum
489 2458 633 2520 censeo,
669 2461 760 2523 quae
784 2437 954 2524 religioni
985 2434 1105 2503 Chri-

57 2550 201 2616 stianae
225 2564 347 2619 essent
370 2551 664 2629 accommodata,
688 2551 828 2637 rejectis
845 2565 879 2616 et
901 2551 1107 2639 improbatis

53 2662 120 2739 iis,
147 2685 232 2752 quae
262 2665 294 2731 ei
320 2679 432 2732 essent
454 2666 635 2732 contraria.
681 2663 774 2731 Hinc
801 2661 923 2730 Paulus
948 2665 1108 2746 nonita,

55 2794 96 2843 ut
116 2776 267 2857 Seneca,
288 2778 500 2845 Christianos
522 2776 566 2844 ad
588 2780 814 2861 constantiam
835 2779 870 2845 in
896 2777 1046 2846 adversis
1071 2795 1107 2845 et

55 2891 262 2982 palien'tian't
283 2893 468 2976 malorum,
496 2917 583 2982 quae
605 2880 659 2962 'ob
687 2891 859 2979 religionis
891 2884 1107 2960 Christianae

58 3004 309 3076 confessionem
330 3008 617 3100 experiebantur,
641 3007 855 3074 adhortatur.
877 3006 1106 3097 Nequaquam

58 3120 288 3188 autochiriam
317 3121 550 3200 commendat,
579 3138 617 3187 ut
643 3122 773 3190 Seneca
798 3117 841 3186 de
870 3117 1008 3187 Provid.
1032 3120 1103 3187 Vl:

58 3258 91 3304 s·
124 3218 263 3306 «Ferte
289 3233 449 3316 sortiter,
482 3238 691 3303 contemnite
720 3235 980 3324 paupertatem
1017 3256 1107 3300 con·

58 3350 205 3420 temnite
236 3350 430 3432 fortunam,
455 3353 663 3418 contemnite
689 3365 845 3416 mortem.
891 3347 928 3414 si
954 3371 1107 3440 pugnare

56 3486 133 3534 non
162 3465 287 3543 vultis,
318 3463 400 3531 licet
429 3464 555 3551 sugere.
597 3466 650 3532 Ex
678 3464 839 3531 omnihus
861 3463 989 3542 rebus,
1023 3485 1108 3551 quas
1145 3525 1148 3531 .

59 3602 135 3647 esse
164 3580 261 3647 vohis
290 3581 496 3646 necessarias
530 3579 621 3647 volui
658 3578 882 3670 (loquentem
915 3574 1108 3642 introducit
1204 3652 1209 3664 x

60 3693 220 3782 Deum),
243 3690 331 3760 nihil
351 3694 419 3760 feci
440 3692 594 3779 facilius,
619 3719 723 3785 quam
742 3692 841 3760 mori.
883 3689 997 3755 Prono
1024 3691 1106 3755 aui-

61 3832 155 3877 mam
178 3809 256 3876 loco
276 3810 385 3898 posui.
431 3807 733 3885 Attenditemo‘do
749 3825 784 3873 et
802 3802 983 3880 videbitis,
1005 3830 1108 3894 quam

59 3922 176 3992 brevis
212 3922 256 3989 ad
284 3921 499 4006 libertatem,
531 3939 565 3989 et
597 3947 701 4014 quam
730 3917 888 4010 expedita
913 3917 1017 3986 ducat
1042 3918 1108 3985 via.

60 4036 143 4108 Non
174 4053 242 4106 tam
268 4037 384 4125 longas
411 4039 449 4106 in
481 4038 573 4107 exitu
600 4037 718 4121 vobis,
743 4059 845 4128 quatu
871 4033 1104 4110 intrantibus,
1183 4132 1185 4137 Α
