2604 4740
496 109 673 196 (1⁶7)

72 293 117 361 tia
133 312 215 377 erga
235 288 416 357 deterioria
434 291 640 358 conditionis
660 290 813 359 homines
835 294 1013 359 accnmvit.
1041 296 1110 362 De·

69 406 255 488 mettium,
277 403 445 494 Cynicum
466 407 736 497 philosophum,
757 409 1033 500 pauperrimum,
1057 430 1109 474 se·

69 517 252 592 minudum
271 532 306 582 et
323 519 514 583 stramentis
532 521 776 606 incubantem,
797 521 909 591 virum
923 520 1005 587 alias
1023 520 1110 590 vitae

71 633 253 704 sanctitate
275 633 520 718 conspicuum,
534 632 583 700 ita
602 634 726 721 coluit,
746 650 787 703 ut
803 657 880 703 eum
902 633 1109 725 conchylia·

70 747 115 815 tis
143 742 331 826 anteferret
358 761 396 812 et
425 743 550 813 iterum
580 748 773 841 iterumque
802 748 841 817 in
870 748 1008 837 scriptis
1039 749 1109 815 suis

70 881 323 945 summamerga
335 881 413 925 eum
430 864 655 930 reverentiam
665 879 853 935 testaretur.
874 864 919 931 ln
928 865 1036 956 Epist
1045 867 1105 933 622

69 977 186 1050 «Non
209 996 286 1041 cum
301 973 414 1058 illis,”
436 974 569 1066 inquit,
606 1007 624 1050 «
640 1002 772 1057 moror,
796 979 922 1069 quibus
938 1002 992 1045 mc
1010 1000 1109 1044 causa

69 1114 111 1160 ex
142 1089 253 1158 officio
282 1104 362 1153 nata
389 1088 482 1157 civili
513 1093 753 1180 congregavit,
783 1091 843 1160 sed
871 1115 950 1157 cum
975 1093 1105 1181 optimo

70 1226 211 1296 quoqne
233 1226 330 1288 sum3
356 1202 399 1268 ad
423 1203 524 1288 illos,
545 1207 583 1273 in
613 1228 821 1297 quocunque
847 1204 924 1271 loco
953 1203 1107 1289 fuerint,

69 1319 222 1384 animum
238 1339 350 1384 meum
365 1316 476 1385 mitto.
505 1318 736 1403 Demetrium,
750 1322 900 1388 virorum
916 1320 1106 1408 optimum,

68 1454 205 1500 mecum
231 1432 436 1500 circumfero
465 1448 500 1498 et
529 1433 657 1500 relictis
688 1432 910 1525 conchyliatis
940 1456 1017 1508 cum
1044 1431 1107 1499 illo

68 1543 247 1613 seminudo
266 1543 412 1635 loquor,
433 1544 531 1614 illum
549 1546 734 1614 admiror.’'
764 1547 815 1613 De
834 1546 1104 1631 Benetv11,8=

67 1691 88 1732 a
104 1659 207 1727 Illum
226 1661 311 1729 mihi
327 1661 465 1730 videtur
481 1684 598 1727 rerum
616 1677 737 1727 natura
753 1663 877 1728 nostris
895 1659 1007 1726 tulisse
1025 1677 1108 1728 ten·

65 1775 237 1864 poribus,
259 1793 299 1842 ut
318 1774 535 1854 ostenderet,
556 1799 624 1843 nec
641 1773 775 1841 illuma
795 1776 893 1843 nobis
912 1774 1107 1866 corrumpi,

65 1911 134 1955 uec
156 1911 219 1955 nos
245 1887 289 1955 ab
314 1886 376 1955 illo
400 1890 532 1977 corripi
551 1912 675 1977 posse3
699 1890 811 1958 virum
840 1905 977 1958 exactae
998 1886 1107 1975 (licet

63 2018 169 2089 neget
190 2004 288 2093 ipse)
309 2003 515 2094 sapientiae,
537 2004 724 2094 firmaeque
746 2004 784 2069 in
806 2001 882 2087 his,
906 2025 993 2095 quae
1015 2023 1105 2094 pro·

62 2117 204 2208 posuit,
225 2120 455 2198 constantiae,
473 2117 689 2208 eloquentiae
709 2137 792 2184 vero
816 2101 911 2204 ejus,
935 2139 1023 2206 quae
1048 2137 1104 2181 res

63 2230 266 2299 fortissimas
294 2231 432 2316 deceat,
457 2256 528 2298 non
559 2232 808 2314 concinnatae,
839 2252 905 2299 nec
932 2231 971 2298 in
1000 2231 1105 2299 verba

64 2343 255 2424 sollicitae,
268 2346 330 2412 sed
347 2346 478 2433 ingenti
496 2347 628 2425 animo,
650 2362 754 2435 prout
767 2346 915 2432 impetus
935 2343 1031 2429 tulit,
1049 2364 1105 2411 res

64 2481 144 2528 suaa
168 2461 418 2555 prosequentis.
461 2459 550 2527 Huic
587 2481 657 2524 non
691 2457 835 2543 dubito,
865 2459 950 2546 quin
981 2457 1105 2545 provi-

64 2575 184 2642 dentia
202 2592 237 2641 et
256 2574 356 2640 talem
375 2576 526 2641 vitamet
544 2572 645 2640 talem
662 2571 802 2640 dicendi
820 2571 1015 2638 facultatem
1032 2571 1103 2637 de·
1149 2641 1153 2647 ,

66 2688 182 2772 derit,
206 2713 249 2755 ne
270 2706 327 2755 aut
348 2689 541 2776 exemplum
564 2688 680 2756 seculo
700 2704 819 2755 nostro
841 2703 899 2752 aut
915 2684 1106 2752 convicium

65 2801 237 2869 deesset.''
272 2801 346 2869 Cfr.
367 2802 411 2869 de
432 2801 643 2880 Benel.Vll,
658 2827 699 2887 r,
720 2802 903 2896 Epistyo.
925 2799 1032 2890 Epist.
1042 2803 1105 2887 67,

64 2917 113 2986 tle
133 2917 212 2987 Vita
232 2916 319 2986 beat.
340 2942 379 3008 9,
399 2919 459 3000 18,
483 2932 545 2982 cet.

112 3034 200 3100 Cum
221 3033 324 3118 igitur
347 3033 477 3098 Seneca
504 3030 659 3096 homines
681 3052 750 3096 non
775 3052 819 3098 ex
838 3042 931 3096 veste
957 3043 994 3094 et
1015 3049 1104 3097 con·

66 3147 225 3231 ditione,
248 3144 310 3212 sed
331 3169 373 3212 ex
400 3143 552 3212 moribus
582 3161 617 3210 et
647 3143 811 3233 sapientia
840 3144 1050 3219 aestimaret,
1072 3155 1108 3208 et

67 3285 151 3330 eum
175 3258 369 3327 hominibus
400 3258 636 3352 pauperculis,
659 3257 762 3324 modo
784 3256 921 3343 ingenio
949 3271 984 3323 et
1017 3255 1106 3322 vitae

67 3375 265 3462 integritate
285 3375 494 3460 insignibus,
517 3371 727 3438 familiariter
748 3373 862 3439 vivere
889 3393 958 3435 non
979 3365 1105 3454 dedig-

67 3505 237 3570 naretur,
270 3505 403 3558 tautum
426 3489 546 3572 abest,
582 3505 620 3555 ut
649 3486 859 3554 familiaritas
885 3482 1000 3573 alique
1030 3503 1108 3548 cum

67 3670 243 3692 μ

66 3776 179 3830 Senecae
194 3777 311 3830 nominat
325 3775 473 3848 etrefutat,
488 3788 514 3833 tt
531 3775 679 3832 Ditlerot
697 3772 786 3828 seban
800 3773 847 3828 dea
862 3771 964 3827 Seneca
971 3770 1112 3826 libertem

62 3883 118 3921 aon
136 3869 246 3938 Eggen,
263 3865 361 3920 bassan
380 3865 453 3934 1783.
