<?xml version="1.0" encoding="UTF-8"?>
<!DOCTYPE html PUBLIC "-//W3C//DTD XHTML 1.0 Transitional//EN"
    "http://www.w3.org/TR/xhtml1/DTD/xhtml1-transitional.dtd">
<html xmlns="http://www.w3.org/1999/xhtml" xml:lang="en" lang="en">
 <head>
  <title>
</title>
<meta http-equiv="Content-Type" content="text/html;charset=utf-8" />
  <meta name='ocr-system' content='tesseract 3.04.00' />
  <meta name='ocr-capabilities' content='ocr_page ocr_carea ocr_par ocr_line ocrx_word'/>
</head>
<body>
  <div class='ocr_page' id='page_1' title='image "./vindiciaeorigin00gelpgoog_0187.png"; bbox 0 0 2604 4740; ppageno 0'>
   <div class='ocr_carea' id='block_1_1' title="bbox 519 408 731 502">
    <p class='ocr_par' dir='ltr' id='par_1_1' title="bbox 519 408 731 502">
     <span class='ocr_line' id='line_1_1' title="bbox 519 408 731 502; baseline 0.019 -4"><span class='ocrx_word' id='word_1_1' title='bbox 519 408 731 502; x_wconf 59' lang='grc'>’(180)</span> 
     </span>
    </p>
   </div>
   <div class='ocr_carea' id='block_1_2' title="bbox 37 592 1170 3526">
    <p class='ocr_par' dir='ltr' id='par_1_2' title="bbox 37 592 1170 3526">
     <span class='ocr_line' id='line_1_2' title="bbox 125 592 1155 682; baseline 0.011 -22"><span class='ocrx_word' id='word_1_2' title='bbox 125 593 368 682; x_wconf 84' lang='lat' dir='ltr'><strong>scriptionibus</strong></span> <span class='ocrx_word' id='word_1_3' title='bbox 389 592 607 679; x_wconf 80' lang='lat' dir='ltr'><strong>epistolarum</strong></span> <span class='ocrx_word' id='word_1_4' title='bbox 628 595 671 660; x_wconf 76' lang='lat' dir='ltr'><strong>N.</strong></span> <span class='ocrx_word' id='word_1_5' title='bbox 688 596 733 662; x_wconf 85' lang='grc' dir='ltr'><strong>Τ.</strong></span> <span class='ocrx_word' id='word_1_6' title='bbox 758 594 907 664; x_wconf 85' lang='lat' dir='ltr'><strong>tribuere</strong></span> <span class='ocrx_word' id='word_1_7' title='bbox 930 596 1043 666; x_wconf 84' lang='lat' dir='ltr'><strong>solent</strong></span> <span class='ocrx_word' id='word_1_8' title='bbox 1065 610 1155 680; x_wconf 68' lang='lat' dir='ltr'><strong>boin!</strong></span> 
     </span>
     <span class='ocr_line' id='line_1_3' title="bbox 124 707 1154 790; baseline 0.01 -17"><span class='ocrx_word' id='word_1_9' title='bbox 124 724 329 774; x_wconf 86' lang='lat' dir='ltr'><strong>mentatores</strong></span> <span class='ocrx_word' id='word_1_10' title='bbox 350 708 393 773; x_wconf 77' lang='grc' dir='ltr'><strong>Νι</strong></span> <span class='ocrx_word' id='word_1_11' title='bbox 418 707 463 772; x_wconf 83' lang='grc' dir='ltr'><strong>Τ.</strong></span> <span class='ocrx_word' id='word_1_12' title='bbox 508 707 585 774; x_wconf 85' lang='lat' dir='ltr'><strong>Non</strong></span> <span class='ocrx_word' id='word_1_13' title='bbox 608 722 721 774; x_wconf 86' lang='lat' dir='ltr'><strong>tamen</strong></span> <span class='ocrx_word' id='word_1_14' title='bbox 741 710 920 776; x_wconf 82' lang='lat' dir='ltr'><strong>verisimile</strong></span> <span class='ocrx_word' id='word_1_15' title='bbox 944 729 1014 790; x_wconf 85' lang='lat' dir='ltr'><strong>est,</strong></span> <span class='ocrx_word' id='word_1_16' title='bbox 1037 729 1154 783; x_wconf 78' lang='lat' dir='ltr'><strong>aucto·</strong></span> 
     </span>
     <span class='ocr_line' id='line_1_4' title="bbox 125 818 1155 918; baseline 0.009 -31"><span class='ocrx_word' id='word_1_17' title='bbox 125 841 201 888; x_wconf 80' lang='lat' dir='ltr'><strong>reru</strong></span> <span class='ocrx_word' id='word_1_18' title='bbox 224 837 357 887; x_wconf 89' lang='lat' dir='ltr'><strong>nostrae</strong></span> <span class='ocrx_word' id='word_1_19' title='bbox 380 818 542 910; x_wconf 85' lang='lat' dir='ltr'><strong>epistolae</strong></span> <span class='ocrx_word' id='word_1_20' title='bbox 565 820 637 885; x_wconf 89' lang='lat' dir='ltr'><strong>sine</strong></span> <span class='ocrx_word' id='word_1_21' title='bbox 661 818 759 888; x_wconf 90' lang='lat' dir='ltr'><strong>titulo</strong></span> <span class='ocrx_word' id='word_1_22' title='bbox 779 838 813 888; x_wconf 88' lang='lat' dir='ltr'><strong>et</strong></span> <span class='ocrx_word' id='word_1_23' title='bbox 838 824 1067 918; x_wconf 76' lang='lat' dir='ltr'><strong>inscriptione</strong></span> <span class='ocrx_word' id='word_1_24' title='bbox 1089 845 1155 896; x_wconf 84' lang='lat' dir='ltr'><strong>eant</strong></span> 
     </span>
     <span class='ocr_line' id='line_1_5' title="bbox 125 931 1156 1032; baseline 0.009 -35"><span class='ocrx_word' id='word_1_25' title='bbox 125 931 316 1011; x_wconf 74' lang='lat' dir='ltr'><strong>dimisisse,</strong></span> <span class='ocrx_word' id='word_1_26' title='bbox 348 955 462 1022; x_wconf 87' lang='lat' dir='ltr'><strong>neque</strong></span> <span class='ocrx_word' id='word_1_27' title='bbox 496 933 688 999; x_wconf 78' lang='lat' dir='ltr'><strong>accuratius</strong></span> <span class='ocrx_word' id='word_1_28' title='bbox 717 957 795 1019; x_wconf 89' lang='lat' dir='ltr'><strong>eos,</strong></span> <span class='ocrx_word' id='word_1_29' title='bbox 826 936 869 1004; x_wconf 88' lang='lat' dir='ltr'><strong>ad</strong></span> <span class='ocrx_word' id='word_1_30' title='bbox 901 961 986 1032; x_wconf 82' lang='lat' dir='ltr'><strong>quos</strong></span> <span class='ocrx_word' id='word_1_31' title='bbox 1018 939 1156 1030; x_wconf 84' lang='lat' dir='ltr'><strong>epistola</strong></span> 
     </span>
     <span class='ocr_line' id='line_1_6' title="bbox 125 1043 1155 1143; baseline 0.008 -31"><span class='ocrx_word' id='word_1_32' title='bbox 125 1044 291 1112; x_wconf 85' lang='lat' dir='ltr'><strong>mittenda</strong></span> <span class='ocrx_word' id='word_1_33' title='bbox 309 1060 414 1124; x_wconf 83' lang='lat' dir='ltr'><strong>esset,</strong></span> <span class='ocrx_word' id='word_1_34' title='bbox 425 1043 615 1132; x_wconf 74' lang='lat' dir='ltr'><strong>designasse</strong></span> <span class='ocrx_word' id='word_1_35' title='bbox 632 1048 692 1132; x_wconf 74' lang='lat'><strong>(4).</strong></span> <span class='ocrx_word' id='word_1_36' title='bbox 713 1049 786 1116; x_wconf 79' lang='lat' dir='ltr'><strong>dam</strong></span> <span class='ocrx_word' id='word_1_37' title='bbox 803 1053 998 1141; x_wconf 86' lang='lat' dir='ltr'><strong>quaeritur,</strong></span> <span class='ocrx_word' id='word_1_38' title='bbox 1016 1053 1155 1143; x_wconf 76' lang='lat' dir='ltr'><strong>quinem</strong></span> 
     </span>
     <span class='ocr_line' id='line_1_7' title="bbox 128 1159 1156 1247; baseline 0.01 -21"><span class='ocrx_word' id='word_1_39' title='bbox 128 1160 265 1226; x_wconf 74' lang='lat' dir='ltr'><strong>sinidi</strong></span> <span class='ocrx_word' id='word_1_40' title='bbox 287 1159 473 1235; x_wconf 71' lang='lat' dir='ltr'><strong>Hebraei,</strong></span> <span class='ocrx_word' id='word_1_41' title='bbox 497 1176 583 1247; x_wconf 87' lang='lat' dir='ltr'><strong>quos</strong></span> <span class='ocrx_word' id='word_1_42' title='bbox 606 1160 761 1229; x_wconf 83' lang='lat' dir='ltr'><strong>nominat</strong></span> <span class='ocrx_word' id='word_1_43' title='bbox 788 1163 918 1234; x_wconf 88' lang='lat' dir='ltr'><strong>titulus.</strong></span> <span class='ocrx_word' id='word_1_44' title='bbox 962 1166 1156 1236; x_wconf 83' lang='lat' dir='ltr'><strong>Secundum</strong></span> 
     </span>
     <span class='ocr_line' id='line_1_8' title="bbox 124 1269 1159 1370; baseline 0.01 -32"><span class='ocrx_word' id='word_1_45' title='bbox 124 1271 289 1362; x_wconf 81' lang='lat' dir='ltr'><strong>loquendi</strong></span> <span class='ocrx_word' id='word_1_46' title='bbox 315 1269 595 1340; x_wconf 83' lang='lat' dir='ltr'><strong>consuetudinem</strong></span> <span class='ocrx_word' id='word_1_47' title='bbox 620 1275 712 1341; x_wconf 88' lang='lat' dir='ltr'><strong>inter</strong></span> <span class='ocrx_word' id='word_1_48' title='bbox 734 1275 963 1361; x_wconf 78' lang='lat' dir='ltr'><strong>Christianos,</strong></span> <span class='ocrx_word' id='word_1_49' title='bbox 987 1302 1076 1370; x_wconf 88' lang='lat' dir='ltr'><strong>quae</strong></span> <span class='ocrx_word' id='word_1_50' title='bbox 1093 1280 1159 1370; x_wconf 80' lang='lat' dir='ltr'><strong>pri·</strong></span> 
     </span>
     <span class='ocr_line' id='line_1_9' title="bbox 125 1384 1158 1472; baseline 0.007 -18"><span class='ocrx_word' id='word_1_51' title='bbox 125 1411 182 1456; x_wconf 90' lang='lat' dir='ltr'><strong>mo</strong></span> <span class='ocrx_word' id='word_1_52' title='bbox 207 1384 340 1454; x_wconf 89' lang='lat' dir='ltr'><strong>saeculo</strong></span> <span class='ocrx_word' id='word_1_53' title='bbox 369 1400 406 1451; x_wconf 88' lang='lat' dir='ltr'><strong>et</strong></span> <span class='ocrx_word' id='word_1_54' title='bbox 434 1386 540 1452; x_wconf 83' lang='lat' dir='ltr'><strong>serius</strong></span> <span class='ocrx_word' id='word_1_55' title='bbox 569 1387 738 1472; x_wconf 84' lang='lat' dir='ltr'><strong>obtinuit,</strong></span> <span class='ocrx_word' id='word_1_56' title='bbox 775 1389 924 1458; x_wconf 82' lang='lat' dir='ltr'><strong>Hebraei</strong></span> <span class='ocrx_word' id='word_1_57' title='bbox 951 1395 1158 1462; x_wconf 76' lang='lat' dir='ltr'><strong>vocabantur</strong></span> 
     </span>
     <span class='ocr_line' id='line_1_10' title="bbox 128 1488 1158 1593; baseline 0.004 -24"><span class='ocrx_word' id='word_1_58' title='bbox 128 1488 336 1569; x_wconf 74' lang='lat' dir='ltr'><strong>Christiani</strong></span> <span class='ocrx_word' id='word_1_59' title='bbox 362 1503 666 1570; x_wconf 74' lang='lat' dir='ltr'><strong>Palaestinenses.</strong></span> <span class='ocrx_word' id='word_1_60' title='bbox 719 1503 798 1571; x_wconf 86' lang='lat' dir='ltr'><strong>Act.</strong></span> <span class='ocrx_word' id='word_1_61' title='bbox 829 1503 903 1588; x_wconf 79' lang='lat' dir='ltr'><strong>vl,</strong></span> <span class='ocrx_word' id='word_1_62' title='bbox 935 1528 967 1574; x_wconf 86' lang='grc' dir='ltr'><strong>ι.</strong></span> <span class='ocrx_word' id='word_1_63' title='bbox 1000 1505 1158 1593; x_wconf 84' lang='lat' dir='ltr'><strong>leguntur</strong></span> 
     </span>
     <span class='ocr_line' id='line_1_11' title="bbox 125 1615 1158 1707; baseline 0.012 -25"><span class='ocrx_word' id='word_1_64' title='bbox 125 1617 232 1682; x_wconf 84' lang='lat' dir='ltr'><strong>haec=</strong></span> <span class='ocrx_word' id='word_1_65' title='bbox 265 1616 323 1685; x_wconf 85' lang='grc' dir='ltr'><strong>Ἐν</strong></span> <span class='ocrx_word' id='word_1_66' title='bbox 341 1617 373 1684; x_wconf 75' lang='lat' dir='ltr'><strong>di</strong></span> <span class='ocrx_word' id='word_1_67' title='bbox 391 1626 461 1692; x_wconf 73' lang='grc' dir='ltr'><strong>ταῖς</strong></span> <span class='ocrx_word' id='word_1_68' title='bbox 478 1615 605 1703; x_wconf 70' lang='grc' dir='ltr'><strong><em>ἡμέραις</em></strong></span> <span class='ocrx_word' id='word_1_69' title='bbox 623 1616 774 1699; x_wconf 68' lang='grc' dir='ltr'><strong><em>ταύταις,</em></strong></span> <span class='ocrx_word' id='word_1_70' title='bbox 792 1619 1000 1700; x_wconf 65' lang='grc' dir='ltr'><strong>πληθυνόντων</strong></span> <span class='ocrx_word' id='word_1_71' title='bbox 1015 1630 1078 1693; x_wconf 77' lang='grc' dir='ltr'><strong>τῶν</strong></span> <span class='ocrx_word' id='word_1_72' title='bbox 1092 1648 1158 1707; x_wconf 67' lang='lat' dir='ltr'><strong>aa·</strong></span> 
     </span>
     <span class='ocr_line' id='line_1_12' title="bbox 121 1731 1161 1820; baseline 0.01 -22"><span class='ocrx_word' id='word_1_73' title='bbox 121 1731 386 1813; x_wconf 62' lang='lat' dir='ltr'><strong>denominabant</strong></span> <span class='ocrx_word' id='word_1_74' title='bbox 408 1735 593 1815; x_wconf 81' lang='grc' dir='ltr'><strong>γογγνοροθρ</strong></span> <span class='ocrx_word' id='word_1_75' title='bbox 613 1739 672 1802; x_wconf 70' lang='grc' dir='ltr'><strong>τῶν</strong></span> <span class='ocrx_word' id='word_1_76' title='bbox 690 1737 896 1812; x_wconf 75' lang='grc' dir='ltr'><strong><em>Ἑλληνιστῶν</em></strong></span> <span class='ocrx_word' id='word_1_77' title='bbox 916 1737 990 1820; x_wconf 71' lang='lat' dir='ltr'><strong>apis</strong></span> <span class='ocrx_word' id='word_1_78' title='bbox 1011 1739 1084 1814; x_wconf 68' lang='lat' dir='ltr'><strong>roho</strong></span> <span class='ocrx_word' id='word_1_79' title='bbox 1104 1742 1161 1807; x_wconf 79' lang='grc' dir='ltr'><strong>Ἑ·</strong></span> 
     </span>
     <span class='ocr_line' id='line_1_13' title="bbox 124 1842 1163 1939; baseline 0.004 -21"><span class='ocrx_word' id='word_1_80' title='bbox 124 1851 273 1934; x_wconf 74' lang='grc' dir='ltr'><strong><em>βραθονρ,</em></strong></span> <span class='ocrx_word' id='word_1_81' title='bbox 304 1842 351 1913; x_wconf 82' lang='grc' dir='ltr'><strong>θοι</strong></span> <span class='ocrx_word' id='word_1_82' title='bbox 380 1849 617 1931; x_wconf 67' lang='grc' dir='ltr'><strong><em>παρεθεωροῦντο</em></strong></span> <span class='ocrx_word' id='word_1_83' title='bbox 644 1851 676 1916; x_wconf 69' lang='grc' dir='ltr'><strong>ἓν</strong></span> <span class='ocrx_word' id='word_1_84' title='bbox 698 1859 736 1933; x_wconf 75' lang='grc' dir='ltr'><strong>τη</strong></span> <span class='ocrx_word' id='word_1_85' title='bbox 758 1849 894 1936; x_wconf 72' lang='grc' dir='ltr'><strong><em>διακονία</em></strong></span> <span class='ocrx_word' id='word_1_86' title='bbox 920 1861 960 1934; x_wconf 68' lang='grc' dir='ltr'><strong>τῇ</strong></span> <span class='ocrx_word' id='word_1_87' title='bbox 984 1854 1163 1939; x_wconf 66' lang='grc' dir='ltr'><strong><em>καθημερινῇ</em></strong></span> 
     </span>
     <span class='ocr_line' id='line_1_14' title="bbox 126 1959 1163 2051; baseline -0.004 -17"><span class='ocrx_word' id='word_1_88' title='bbox 126 1967 161 2034; x_wconf 78' lang='grc' dir='ltr'><strong>αθ</strong></span> <span class='ocrx_word' id='word_1_89' title='bbox 174 1963 269 2050; x_wconf 69' lang='grc' dir='ltr'><strong><em>χῆραι</em></strong></span> <span class='ocrx_word' id='word_1_90' title='bbox 288 1963 399 2029; x_wconf 73' lang='grc' dir='ltr'><strong><em>αὐτῶν.</em></strong></span> <span class='ocrx_word' id='word_1_91' title='bbox 432 1959 498 2026; x_wconf 85' lang='lat' dir='ltr'><strong>Hic</strong></span> <span class='ocrx_word' id='word_1_92' title='bbox 516 1959 721 2028; x_wconf 85' lang='lat' dir='ltr'><strong>Hellenistae</strong></span> <span class='ocrx_word' id='word_1_93' title='bbox 738 1976 963 2051; x_wconf 83' lang='lat' dir='ltr'><strong>opponuntur</strong></span> <span class='ocrx_word' id='word_1_94' title='bbox 977 1963 1163 2051; x_wconf 74' lang='lat' dir='ltr'><strong>Hebrieis,</strong></span> 
     </span>
     <span class='ocr_line' id='line_1_15' title="bbox 125 2071 1163 2160; baseline -0.007 -17"><span class='ocrx_word' id='word_1_95' title='bbox 125 2078 194 2143; x_wconf 91' lang='lat' dir='ltr'><strong>hoc</strong></span> <span class='ocrx_word' id='word_1_96' title='bbox 207 2096 332 2160; x_wconf 78' lang='lat' dir='ltr'><strong>sensu.</strong></span> <span class='ocrx_word' id='word_1_97' title='bbox 354 2089 394 2138; x_wconf 89' lang='lat' dir='ltr'><strong>nt</strong></span> <span class='ocrx_word' id='word_1_98' title='bbox 415 2071 467 2138; x_wconf 85' lang='lat' dir='ltr'><strong>illi</strong></span> <span class='ocrx_word' id='word_1_99' title='bbox 484 2072 554 2139; x_wconf 90' lang='lat' dir='ltr'><strong>sint</strong></span> <span class='ocrx_word' id='word_1_100' title='bbox 571 2071 761 2140; x_wconf 84' lang='lat' dir='ltr'><strong>Christiani</strong></span> <span class='ocrx_word' id='word_1_101' title='bbox 786 2096 828 2141; x_wconf 85' lang='lat' dir='ltr'><strong>ex</strong></span> <span class='ocrx_word' id='word_1_102' title='bbox 845 2073 981 2142; x_wconf 75' lang='lat' dir='ltr'><strong>iudaeis</strong></span> <span class='ocrx_word' id='word_1_103' title='bbox 1003 2100 1075 2148; x_wconf 91' lang='lat' dir='ltr'><strong>non</strong></span> <span class='ocrx_word' id='word_1_104' title='bbox 1095 2079 1163 2148; x_wconf 80' lang='lat' dir='ltr'><strong>Pa.</strong></span> 
     </span>
     <span class='ocr_line' id='line_1_16' title="bbox 126 2185 1167 2282; baseline 0.002 -24"><span class='ocrx_word' id='word_1_105' title='bbox 126 2190 363 2270; x_wconf 75' lang='lat' dir='ltr'><strong>taurinenses,</strong></span> <span class='ocrx_word' id='word_1_106' title='bbox 385 2209 426 2254; x_wconf 83' lang='lat' dir='ltr'><strong>ex</strong></span> <span class='ocrx_word' id='word_1_107' title='bbox 452 2186 642 2282; x_wconf 82' lang='lat' dir='ltr'><strong>peregrinis</strong></span> <span class='ocrx_word' id='word_1_108' title='bbox 662 2185 858 2272; x_wconf 85' lang='lat' dir='ltr'><strong>regionibus</strong></span> <span class='ocrx_word' id='word_1_109' title='bbox 882 2189 1021 2256; x_wconf 88' lang='lat' dir='ltr'><strong>oriundi</strong></span> <span class='ocrx_word' id='word_1_110' title='bbox 1041 2207 1077 2259; x_wconf 86' lang='lat' dir='ltr'><strong>et</strong></span> <span class='ocrx_word' id='word_1_111' title='bbox 1097 2191 1167 2260; x_wconf 86' lang='lat' dir='ltr'><strong>dis·</strong></span> 
     </span>
     <span class='ocr_line' id='line_1_17' title="bbox 127 2299 1169 2395; baseline -0.002 -21"><span class='ocrx_word' id='word_1_112' title='bbox 127 2307 219 2374; x_wconf 88' lang='lat' dir='ltr'><strong>lecto</strong></span> <span class='ocrx_word' id='word_1_113' title='bbox 238 2305 370 2372; x_wconf 87' lang='lat' dir='ltr'><strong>Graeca</strong></span> <span class='ocrx_word' id='word_1_114' title='bbox 386 2302 437 2367; x_wconf 89' lang='lat' dir='ltr'><strong>uti</strong></span> <span class='ocrx_word' id='word_1_115' title='bbox 458 2299 570 2382; x_wconf 86' lang='lat' dir='ltr'><strong>soliti,</strong></span> <span class='ocrx_word' id='word_1_116' title='bbox 593 2314 628 2367; x_wconf 88' lang='lat' dir='ltr'><strong>et</strong></span> <span class='ocrx_word' id='word_1_117' title='bbox 646 2299 684 2395; x_wconf 89' lang='lat' dir='ltr'><strong>hi</strong></span> <span class='ocrx_word' id='word_1_118' title='bbox 703 2299 888 2369; x_wconf 81' lang='lat' dir='ltr'><strong>Christiani</strong></span> <span class='ocrx_word' id='word_1_119' title='bbox 903 2301 1169 2372; x_wconf 73' lang='lat' dir='ltr'><strong>Palaestinenses</strong></span> 
     </span>
     <span class='ocr_line' id='line_1_18' title="bbox 126 2400 1166 2508; baseline -0.005 -18"><span class='ocrx_word' id='word_1_120' title='bbox 126 2422 334 2508; x_wconf 84' lang='lat' dir='ltr'><strong>indigenae,</strong></span> <span class='ocrx_word' id='word_1_121' title='bbox 356 2414 503 2482; x_wconf 85' lang='lat' dir='ltr'><strong>dialecto</strong></span> <span class='ocrx_word' id='word_1_122' title='bbox 530 2400 698 2482; x_wconf 87' lang='lat' dir='ltr'><strong>Hebraica</strong></span> <span class='ocrx_word' id='word_1_123' title='bbox 720 2411 771 2481; x_wconf 82' lang='lat' dir='ltr'><strong>vel</strong></span> <span class='ocrx_word' id='word_1_124' title='bbox 796 2415 993 2484; x_wconf 82' lang='lat' dir='ltr'><strong>Aramaeica</strong></span> <span class='ocrx_word' id='word_1_125' title='bbox 1019 2433 1166 2485; x_wconf 85' lang='lat' dir='ltr'><strong>utentes.</strong></span> 
     </span>
     <span class='ocr_line' id='line_1_19' title="bbox 129 2526 1167 2619; baseline -0.003 -17"><span class='ocrx_word' id='word_1_126' title='bbox 129 2535 224 2602; x_wconf 88' lang='lat' dir='ltr'><strong>Hinc</strong></span> <span class='ocrx_word' id='word_1_127' title='bbox 248 2531 351 2599; x_wconf 87' lang='lat' dir='ltr'><strong>etiam</strong></span> <span class='ocrx_word' id='word_1_128' title='bbox 375 2528 601 2615; x_wconf 79' lang='lat' dir='ltr'><strong>evangelium,</strong></span> <span class='ocrx_word' id='word_1_129' title='bbox 624 2549 693 2619; x_wconf 89' lang='lat' dir='ltr'><strong>quo</strong></span> <span class='ocrx_word' id='word_1_130' title='bbox 708 2526 972 2602; x_wconf 82' lang='lat' dir='ltr'><strong>Palaestinenses</strong></span> <span class='ocrx_word' id='word_1_131' title='bbox 991 2528 1167 2599; x_wconf 83' lang='lat' dir='ltr'><strong>Christia-</strong></span> 
     </span>
     <span class='ocr_line' id='line_1_20' title="bbox 37 2641 1166 2732; baseline -0.004 -15"><span class='ocrx_word' id='word_1_132' title='bbox 37 2697 41 2706; x_wconf 85' lang='lat'>·</span> <span class='ocrx_word' id='word_1_133' title='bbox 129 2650 169 2718; x_wconf 87' lang='lat' dir='ltr'><strong>ni</strong></span> <span class='ocrx_word' id='word_1_134' title='bbox 197 2646 404 2728; x_wconf 84' lang='lat' dir='ltr'><strong>utebantur,</strong></span> <span class='ocrx_word' id='word_1_135' title='bbox 438 2643 645 2732; x_wconf 86' lang='lat' dir='ltr'><strong>evangelium</strong></span> <span class='ocrx_word' id='word_1_136' title='bbox 671 2641 865 2711; x_wconf 70' lang='lat' dir='ltr'><strong>&#39;secundum</strong></span> <span class='ocrx_word' id='word_1_137' title='bbox 894 2644 1068 2713; x_wconf 87' lang='lat' dir='ltr'><strong>Hebraeos</strong></span> <span class='ocrx_word' id='word_1_138' title='bbox 1096 2669 1166 2713; x_wconf 88' lang='lat' dir='ltr'><strong>no·</strong></span> 
     </span>
     <span class='ocr_line' id='line_1_21' title="bbox 127 2757 1167 2850; baseline -0.003 -20"><span class='ocrx_word' id='word_1_139' title='bbox 127 2765 294 2836; x_wconf 84' lang='lat' dir='ltr'><strong>minatum</strong></span> <span class='ocrx_word' id='word_1_140' title='bbox 313 2774 376 2826; x_wconf 87' lang='lat' dir='ltr'><strong>est.</strong></span> <span class='ocrx_word' id='word_1_141' title='bbox 418 2759 539 2850; x_wconf 85' lang='lat' dir='ltr'><strong>Neque</strong></span> <span class='ocrx_word' id='word_1_142' title='bbox 564 2761 676 2826; x_wconf 84' lang='lat' dir='ltr'><strong>obstat</strong></span> <span class='ocrx_word' id='word_1_143' title='bbox 696 2757 786 2826; x_wconf 78' lang='lat' dir='ltr'><strong>Phil.</strong></span> <span class='ocrx_word' id='word_1_144' title='bbox 801 2759 869 2842; x_wconf 89' lang='lat' dir='ltr'><strong>III,</strong></span> <span class='ocrx_word' id='word_1_145' title='bbox 891 2762 934 2837; x_wconf 75' lang='lat'><strong>5,</strong></span> <span class='ocrx_word' id='word_1_146' title='bbox 956 2759 1018 2825; x_wconf 92' lang='lat' dir='ltr'><strong>uhi</strong></span> <span class='ocrx_word' id='word_1_147' title='bbox 1045 2759 1167 2827; x_wconf 80' lang='lat' dir='ltr'><strong>Paulus</strong></span> 
     </span>
     <span class='ocr_line' id='line_1_22' title="bbox 129 2871 1166 2950; baseline -0.008 0"><span class='ocrx_word' id='word_1_148' title='bbox 129 2880 231 2950; x_wconf 83' lang='lat' dir='ltr'><strong>Tarsi</strong></span> <span class='ocrx_word' id='word_1_149' title='bbox 259 2892 358 2943; x_wconf 88' lang='lat' dir='ltr'><strong>natus</strong></span> <span class='ocrx_word' id='word_1_150' title='bbox 384 2895 420 2940; x_wconf 87' lang='lat' dir='ltr'><strong>se</strong></span> <span class='ocrx_word' id='word_1_151' title='bbox 446 2889 545 2940; x_wconf 84' lang='lat' dir='ltr'><strong>vocat</strong></span> <span class='ocrx_word' id='word_1_152' title='bbox 576 2873 768 2940; x_wconf 81' lang='lat' dir='ltr'><strong>Hebraeum</strong></span> <span class='ocrx_word' id='word_1_153' title='bbox 795 2894 838 2939; x_wconf 89' lang='lat' dir='ltr'><strong>ex</strong></span> <span class='ocrx_word' id='word_1_154' title='bbox 867 2871 1045 2940; x_wconf 85' lang='lat' dir='ltr'><strong>Hebraeis.</strong></span> <span class='ocrx_word' id='word_1_155' title='bbox 1088 2875 1166 2944; x_wconf 81' lang='lat' dir='ltr'><strong>Non</strong></span> 
     </span>
     <span class='ocr_line' id='line_1_23' title="bbox 128 2983 1164 3074; baseline -0.003 -14"><span class='ocrx_word' id='word_1_156' title='bbox 128 2992 222 3063; x_wconf 85' lang='lat' dir='ltr'><strong>enim</strong></span> <span class='ocrx_word' id='word_1_157' title='bbox 242 3005 404 3074; x_wconf 87' lang='lat' dir='ltr'><strong>negatur,</strong></span> <span class='ocrx_word' id='word_1_158' title='bbox 425 2985 570 3052; x_wconf 77' lang='lat' dir='ltr'><strong>iudaeos</strong></span> <span class='ocrx_word' id='word_1_159' title='bbox 592 3009 633 3053; x_wconf 87' lang='lat' dir='ltr'><strong>ex</strong></span> <span class='ocrx_word' id='word_1_160' title='bbox 663 2983 814 3052; x_wconf 84' lang='lat' dir='ltr'><strong>Judaicis</strong></span> <span class='ocrx_word' id='word_1_161' title='bbox 841 2987 1046 3074; x_wconf 83' lang='lat' dir='ltr'><strong>parentibus</strong></span> <span class='ocrx_word' id='word_1_162' title='bbox 1068 3002 1164 3057; x_wconf 83' lang='lat' dir='ltr'><strong>natos</strong></span> 
     </span>
     <span class='ocr_line' id='line_1_24' title="bbox 128 3098 1167 3193; baseline -0.005 -19"><span class='ocrx_word' id='word_1_163' title='bbox 128 3103 243 3174; x_wconf 78' lang='lat' dir='ltr'><strong>vocari</strong></span> <span class='ocrx_word' id='word_1_164' title='bbox 267 3118 364 3193; x_wconf 85' lang='lat' dir='ltr'><strong>posse</strong></span> <span class='ocrx_word' id='word_1_165' title='bbox 394 3099 585 3181; x_wconf 87' lang='lat' dir='ltr'><strong>Hebraeos,</strong></span> <span class='ocrx_word' id='word_1_166' title='bbox 606 3098 668 3167; x_wconf 90' lang='lat' dir='ltr'><strong>sed</strong></span> <span class='ocrx_word' id='word_1_167' title='bbox 702 3100 922 3169; x_wconf 86' lang='lat' dir='ltr'><strong>contenditur</strong></span> <span class='ocrx_word' id='word_1_168' title='bbox 943 3124 1012 3169; x_wconf 91' lang='lat' dir='ltr'><strong>non</strong></span> <span class='ocrx_word' id='word_1_169' title='bbox 1036 3101 1075 3169; x_wconf 88' lang='lat' dir='ltr'><strong>in</strong></span> <span class='ocrx_word' id='word_1_170' title='bbox 1104 3125 1167 3169; x_wconf 85' lang='lat' dir='ltr'><strong>usu</strong></span> 
     </span>
     <span class='ocr_line' id='line_1_25' title="bbox 129 3208 1167 3298; baseline -0.002 -9"><span class='ocrx_word' id='word_1_171' title='bbox 129 3221 251 3298; x_wconf 73' lang='lat' dir='ltr'><strong>fuisse,</strong></span> <span class='ocrx_word' id='word_1_172' title='bbox 283 3232 322 3280; x_wconf 90' lang='lat' dir='ltr'><strong>ut</strong></span> <span class='ocrx_word' id='word_1_173' title='bbox 351 3211 538 3280; x_wconf 85' lang='lat' dir='ltr'><strong>Christiani</strong></span> <span class='ocrx_word' id='word_1_174' title='bbox 571 3236 613 3279; x_wconf 82' lang='lat' dir='ltr'><strong>ex</strong></span> <span class='ocrx_word' id='word_1_175' title='bbox 646 3211 783 3281; x_wconf 85' lang='lat' dir='ltr'><strong>Judaeis</strong></span> <span class='ocrx_word' id='word_1_176' title='bbox 813 3233 908 3283; x_wconf 83' lang='lat' dir='ltr'><strong>extra</strong></span> <span class='ocrx_word' id='word_1_177' title='bbox 941 3208 1167 3287; x_wconf 75' lang='lat' dir='ltr'><strong>Palaestinam¹</strong></span> 
     </span>
     <span class='ocr_line' id='line_1_26' title="bbox 128 3326 1170 3402; baseline -0.003 -1"><span class='ocrx_word' id='word_1_178' title='bbox 128 3333 202 3402; x_wconf 86' lang='lat' dir='ltr'><strong>nati</strong></span> <span class='ocrx_word' id='word_1_179' title='bbox 226 3326 373 3398; x_wconf 85' lang='lat' dir='ltr'><strong>Hebraei</strong></span> <span class='ocrx_word' id='word_1_180' title='bbox 397 3328 508 3395; x_wconf 76' lang='lat' dir='ltr'><strong>vocati</strong></span> <span class='ocrx_word' id='word_1_181' title='bbox 534 3326 616 3393; x_wconf 81' lang='lat' dir='ltr'><strong>sint.</strong></span> <span class='ocrx_word' id='word_1_182' title='bbox 659 3327 734 3394; x_wconf 87' lang='lat' dir='ltr'><strong>Hoc</strong></span> <span class='ocrx_word' id='word_1_183' title='bbox 763 3351 862 3394; x_wconf 85' lang='lat' dir='ltr'><strong>sensu</strong></span> <span class='ocrx_word' id='word_1_184' title='bbox 891 3328 1042 3396; x_wconf 87' lang='lat' dir='ltr'><strong>Hebraei</strong></span> <span class='ocrx_word' id='word_1_185' title='bbox 1065 3330 1170 3398; x_wconf 86' lang='lat' dir='ltr'><strong>etiam</strong></span> 
     </span>
     <span class='ocr_line' id='line_1_27' title="bbox 129 3429 1170 3526; baseline -0.004 -9"><span class='ocrx_word' id='word_1_186' title='bbox 129 3450 294 3517; x_wconf 85' lang='lat' dir='ltr'><strong>dicuntur</strong></span> <span class='ocrx_word' id='word_1_187' title='bbox 306 3443 347 3512; x_wconf 87' lang='lat' dir='ltr'><strong>ab</strong></span> <span class='ocrx_word' id='word_1_188' title='bbox 362 3441 504 3509; x_wconf 77' lang='lat' dir='ltr'><strong>irenaeo</strong></span> <span class='ocrx_word' id='word_1_189' title='bbox 525 3429 604 3508; x_wconf 70' lang='lat' dir='ltr'><strong>ads.</strong></span> <span class='ocrx_word' id='word_1_190' title='bbox 626 3440 728 3508; x_wconf 87' lang='lat' dir='ltr'><strong>Haer.</strong></span> <span class='ocrx_word' id='word_1_191' title='bbox 745 3441 818 3525; x_wconf 85' lang='lat'>111,</span> <span class='ocrx_word' id='word_1_192' title='bbox 839 3467 878 3526; x_wconf 85' lang='grc' dir='ltr'><strong>ι,</strong></span> <span class='ocrx_word' id='word_1_193' title='bbox 900 3442 960 3509; x_wconf 89' lang='lat' dir='ltr'><strong>uhi</strong></span> <span class='ocrx_word' id='word_1_194' title='bbox 973 3443 1170 3513; x_wconf 81' lang='lat' dir='ltr'><strong>Matthaeus</strong></span> 
     </span>
    </p>
   </div>
   <div class='ocr_carea' id='block_1_3' title="bbox 147 3618 349 3643">
    <p class='ocr_par' dir='ltr' id='par_1_3' title="bbox 147 3618 349 3643">
     <span class='ocr_line' id='line_1_28' title="bbox 147 3618 349 3643; baseline -0.01 -3"><span class='ocrx_word' id='word_1_195' title='bbox 147 3618 349 3643; x_wconf 40' lang='grc' dir='ltr'><strong>’.ψ</strong></span> 
     </span>
    </p>
   </div>
   <div class='ocr_carea' id='block_1_4' title="bbox 52 3718 1179 4237">
    <p class='ocr_par' dir='ltr' id='par_1_4' title="bbox 52 3718 1179 4237">
     <span class='ocr_line' id='line_1_29' title="bbox 164 3718 1173 3805; baseline -0.001 -19"><span class='ocrx_word' id='word_1_196' title='bbox 164 3729 222 3805; x_wconf 86' lang='grc'><strong>(4)</strong></span> <span class='ocrx_word' id='word_1_197' title='bbox 238 3722 393 3800; x_wconf 80' lang='lat' dir='ltr'><strong>Opinionem</strong></span> <span class='ocrx_word' id='word_1_198' title='bbox 410 3721 553 3796; x_wconf 73' lang='lat' dir='ltr'><strong>Bergeri</strong></span> <span class='ocrx_word' id='word_1_199' title='bbox 563 3770 571 3798; x_wconf 92' lang='lat'><em>,</em></span> <span class='ocrx_word' id='word_1_200' title='bbox 589 3723 724 3799; x_wconf 81' lang='lat' dir='ltr'><strong>epistolam</strong></span> <span class='ocrx_word' id='word_1_201' title='bbox 742 3736 856 3786; x_wconf 78' lang='lat' dir='ltr'><strong>nostran</strong></span> <span class='ocrx_word' id='word_1_202' title='bbox 875 3722 952 3784; x_wconf 83' lang='lat' dir='ltr'><strong>inisse</strong></span> <span class='ocrx_word' id='word_1_203' title='bbox 968 3718 1001 3784; x_wconf 74' lang='lat' dir='ltr'><strong>ab</strong></span> <span class='ocrx_word' id='word_1_204' title='bbox 1022 3726 1101 3784; x_wconf 88' lang='lat' dir='ltr'><strong>initio</strong></span> <span class='ocrx_word' id='word_1_205' title='bbox 1121 3729 1173 3786; x_wconf 84' lang='lat' dir='ltr'><strong>ho·</strong></span> 
     </span>
     <span class='ocr_line' id='line_1_30' title="bbox 130 3813 1175 3888; baseline -0.002 -13"><span class='ocrx_word' id='word_1_206' title='bbox 130 3815 247 3888; x_wconf 78' lang='lat' dir='ltr'><strong>miliana,</strong></span> <span class='ocrx_word' id='word_1_207' title='bbox 258 3826 286 3871; x_wconf 88' lang='lat' dir='ltr'><strong>et</strong></span> <span class='ocrx_word' id='word_1_208' title='bbox 297 3830 313 3870; x_wconf 77' lang='lat' dir='ltr'><strong>t</strong></span> <span class='ocrx_word' id='word_1_209' title='bbox 325 3813 418 3870; x_wconf 82' lang='lat' dir='ltr'><strong>seriori</strong></span> <span class='ocrx_word' id='word_1_210' title='bbox 427 3815 537 3886; x_wconf 81' lang='lat' dir='ltr'><strong>quodam</strong></span> <span class='ocrx_word' id='word_1_211' title='bbox 553 3815 658 3871; x_wconf 80' lang='lat' dir='ltr'><strong>doctore</strong></span> <span class='ocrx_word' id='word_1_212' title='bbox 675 3817 823 3872; x_wconf 82' lang='lat' dir='ltr'><strong>Christiano</strong></span> <span class='ocrx_word' id='word_1_213' title='bbox 839 3816 945 3872; x_wconf 78' lang='lat' dir='ltr'><strong>ultimos</strong></span> <span class='ocrx_word' id='word_1_214' title='bbox 960 3836 1048 3873; x_wconf 81' lang='lat' dir='ltr'><strong>sersus</strong></span> <span class='ocrx_word' id='word_1_215' title='bbox 1059 3835 1092 3872; x_wconf 84' lang='lat' dir='ltr'><strong>eo</strong></span> <span class='ocrx_word' id='word_1_216' title='bbox 1106 3828 1175 3873; x_wconf 75' lang='lat' dir='ltr'><strong>eod·</strong></span> 
     </span>
     <span class='ocr_line' id='line_1_31' title="bbox 130 3903 1174 3977; baseline 0 -15"><span class='ocrx_word' id='word_1_217' title='bbox 130 3909 190 3963; x_wconf 89' lang='lat' dir='ltr'><strong>silio</strong></span> <span class='ocrx_word' id='word_1_218' title='bbox 207 3903 308 3958; x_wconf 86' lang='lat' dir='ltr'><strong>additos</strong></span> <span class='ocrx_word' id='word_1_219' title='bbox 324 3921 397 3972; x_wconf 86' lang='lat' dir='ltr'><strong>esse,</strong></span> <span class='ocrx_word' id='word_1_220' title='bbox 414 3913 443 3956; x_wconf 86' lang='lat' dir='ltr'><strong>ut</strong></span> <span class='ocrx_word' id='word_1_221' title='bbox 459 3903 568 3971; x_wconf 79' lang='lat' dir='ltr'><strong>speciem</strong></span> <span class='ocrx_word' id='word_1_222' title='bbox 587 3903 710 3973; x_wconf 78' lang='lat' dir='ltr'><strong>epistolae</strong></span> <span class='ocrx_word' id='word_1_223' title='bbox 727 3906 914 3959; x_wconf 83' lang='lat' dir='ltr'><strong>nancisceretur</strong></span> <span class='ocrx_word' id='word_1_224' title='bbox 933 3905 1000 3977; x_wconf 81' lang='lat' dir='ltr'><strong>(cir.</strong></span> <span class='ocrx_word' id='word_1_225' title='bbox 1018 3905 1174 3976; x_wconf 69' lang='lat' dir='ltr'><strong>Rergeri</strong></span> 
     </span>
     <span class='ocr_line' id='line_1_32' title="bbox 52 3989 1176 4062; baseline -0.003 -13"><span class='ocrx_word' id='word_1_226' title='bbox 52 4032 55 4038; x_wconf 69' lang='lat'>,</span> <span class='ocrx_word' id='word_1_227' title='bbox 129 3992 299 4049; x_wconf 80' lang='lat' dir='ltr'><strong>Moraliaehs</strong></span> <span class='ocrx_word' id='word_1_228' title='bbox 315 3991 482 4060; x_wconf 79' lang='lat' dir='ltr'><strong>Einleituug</strong></span> <span class='ocrx_word' id='word_1_229' title='bbox 498 3991 541 4042; x_wconf 84' lang='lat' dir='ltr'><strong>ins</strong></span> <span class='ocrx_word' id='word_1_230' title='bbox 558 3993 595 4044; x_wconf 83' lang='lat' dir='ltr'><strong>N.</strong></span> <span class='ocrx_word' id='word_1_231' title='bbox 616 3993 647 4046; x_wconf 83' lang='grc' dir='ltr'><strong>Τ.</strong></span> <span class='ocrx_word' id='word_1_232' title='bbox 666 3989 771 4056; x_wconf 58' lang='lat'>1111,</span> <span class='ocrx_word' id='word_1_233' title='bbox 789 4011 815 4062; x_wconf 80' lang='lat' dir='ltr'><strong>p.</strong></span> <span class='ocrx_word' id='word_1_234' title='bbox 834 3993 895 4052; x_wconf 78' lang='lat'><strong>442.</strong></span> <span class='ocrx_word' id='word_1_235' title='bbox 914 4002 941 4044; x_wconf 88' lang='lat' dir='ltr'><strong>et</strong></span> <span class='ocrx_word' id='word_1_236' title='bbox 957 3990 1080 4046; x_wconf 72' lang='lat' dir='ltr'><strong>libellus</strong></span> <span class='ocrx_word' id='word_1_237' title='bbox 1110 3997 1176 4049; x_wconf 84' lang='lat' dir='ltr'><strong>Der·</strong></span> 
     </span>
     <span class='ocr_line' id='line_1_33' title="bbox 129 4073 1179 4150; baseline 0.003 -18"><span class='ocrx_word' id='word_1_238' title='bbox 129 4078 216 4150; x_wconf 76' lang='lat' dir='ltr'><strong>Brief</strong></span> <span class='ocrx_word' id='word_1_239' title='bbox 226 4096 263 4131; x_wconf 85' lang='lat' dir='ltr'><strong>an</strong></span> <span class='ocrx_word' id='word_1_240' title='bbox 279 4078 323 4130; x_wconf 82' lang='lat' dir='ltr'><strong>dia</strong></span> <span class='ocrx_word' id='word_1_241' title='bbox 339 4075 466 4130; x_wconf 62' lang='lat' dir='ltr'><strong>Hebraei</strong></span> <span class='ocrx_word' id='word_1_242' title='bbox 485 4076 546 4129; x_wconf 82' lang='lat' dir='ltr'><strong>eina</strong></span> <span class='ocrx_word' id='word_1_243' title='bbox 560 4074 700 4142; x_wconf 78' lang='lat' dir='ltr'><strong>Humilis,</strong></span> <span class='ocrx_word' id='word_1_244' title='bbox 716 4079 747 4131; x_wconf 84' lang='lat' dir='ltr'><strong>in</strong></span> <span class='ocrx_word' id='word_1_245' title='bbox 763 4082 812 4132; x_wconf 79' lang='lat' dir='ltr'><strong>der</strong></span> <span class='ocrx_word' id='word_1_246' title='bbox 830 4079 955 4150; x_wconf 71' lang='lat' dir='ltr'><strong>Gotting.</strong></span> <span class='ocrx_word' id='word_1_247' title='bbox 976 4073 1070 4133; x_wconf 74' lang='grc' dir='ltr'><strong>ΤΙιαοῙ.</strong></span> <span class='ocrx_word' id='word_1_248' title='bbox 1094 4077 1179 4142; x_wconf 66' lang='lat' dir='ltr'><strong>nihl.</strong></span> 
     </span>
     <span class='ocr_line' id='line_1_34' title="bbox 130 4158 1116 4237; baseline -0.004 -15"><span class='ocrx_word' id='word_1_249' title='bbox 130 4167 162 4227; x_wconf 87' lang='grc' dir='ltr'><strong>Τ.</strong></span> <span class='ocrx_word' id='word_1_250' title='bbox 180 4165 230 4221; x_wconf 88' lang='grc' dir='ltr'><strong>ΙΙΙ.</strong></span> <span class='ocrx_word' id='word_1_251' title='bbox 256 4163 287 4222; x_wconf 75' lang='grc' dir='ltr'><strong>ΙΙ.</strong></span> <span class='ocrx_word' id='word_1_252' title='bbox 302 4158 345 4234; x_wconf 68' lang='grc' dir='ltr'><strong>ὅ.)</strong></span> <span class='ocrx_word' id='word_1_253' title='bbox 365 4162 453 4221; x_wconf 78' lang='lat' dir='ltr'><strong>uultis</strong></span> <span class='ocrx_word' id='word_1_254' title='bbox 469 4160 593 4220; x_wconf 77' lang='lat' dir='ltr'><strong>refutarit</strong></span> <span class='ocrx_word' id='word_1_255' title='bbox 610 4160 797 4220; x_wconf 71' lang='lat' dir='ltr'><strong>bertholdi</strong></span> <span class='ocrx_word' id='word_1_256' title='bbox 812 4164 831 4223; x_wconf 85' lang='lat' dir='ltr'><strong>l.</strong></span> <span class='ocrx_word' id='word_1_257' title='bbox 848 4164 868 4223; x_wconf 85' lang='lat' dir='ltr'><strong>h</strong></span> <span class='ocrx_word' id='word_1_258' title='bbox 890 4175 917 4236; x_wconf 68' lang='lat' dir='ltr'><strong>p.</strong></span> <span class='ocrx_word' id='word_1_259' title='bbox 932 4162 1000 4235; x_wconf 72' lang='lat'><strong>2893</strong></span> <span class='ocrx_word' id='word_1_260' title='bbox 1015 4176 1041 4219; x_wconf 80' lang='lat' dir='ltr'><strong>st</strong></span> <span class='ocrx_word' id='word_1_261' title='bbox 1056 4176 1116 4237; x_wconf 74' lang='lat' dir='ltr'><strong>sqq.</strong></span> 
     </span>
    </p>
   </div>
   <div class='ocr_carea' id='block_1_5' title="bbox 0 0 1311 4740">
    <p class='ocr_par' dir='ltr' id='par_1_5' title="bbox 0 0 1311 4740">
     <span class='ocr_line' id='line_1_35' title="bbox 0 0 1311 4740; baseline 0 0"><span class='ocrx_word' id='word_1_262' title='bbox 0 0 1311 4740; x_wconf 95' lang='lat' dir='ltr'><strong> </strong></span> 
     </span>
    </p>
   </div>
  </div>
 </body>
</html>
