2604 4740
565 372 723 460 (44)

122 559 234 642 libelli
255 553 465 635 intercedit,
496 554 686 637 inanest,
722 555 812 642 quotl
845 574 964 624 auctor
992 560 1156 647 epistolae

122 679 168 748 ad
188 662 387 754 Hebraeos,
405 669 535 761 quippe
556 669 790 748 Christianus,
816 671 971 737 ultimum
996 677 1159 742 'solatium

123 789 291 857 malorum
325 785 491 874 proponit
524 807 621 871 spem
655 782 793 849 alterius
828 785 1047 877 meliorisque
1082 807 1159 880 post

20 968 23 977 ,
123 918 270 974 mortem
284 902 399 979 vitae3
427 895 649 987 philosophus
668 920 766 973 vero,
792 896 886 986 quod
902 903 1026 970 attinet
1045 900 1090 969 ad
1105 903 1160 970 al.

91 1007 235 1101 fteram
261 1014 389 1092 vitam,
424 1011 548 1078 dubius
582 1012 699 1078 haeret
727 1010 918 1103 etrplaeita
947 1038 1025 1081 snae
1050 1034 1163 1083 sectae

122 1151 268 1218 sequens
289 1125 511 1191 autochiriam
533 1124 768 1203 commendat,
782 1143 816 1191 et
839 1128 1040 1206 contendit,
1055 1133 1162 1199 Deum

124 1242 214 1310 nihil
236 1237 367 1306 facilius
396 1239 515 1304 fecisse
545 1264 647 1329 quam
675 1241 785 1320 mori,
816 1261 927 1329 prono
956 1239 1033 1303 loco
1058 1236 1102 1302 ab
1124 1260 1168 1304 eo

15 1365 22 1373 '
125 1358 272 1424 animam
293 1354 437 1423 hominis
462 1355 606 1440 positam
633 1376 723 1434 esse,
746 1355 883 1423 brevem
908 1370 942 1418 et
969 1348 1166 1443 expeditam

124 1496 196 1543 esse
215 1471 303 1537 viam
318 1518 332 1564 ,Ι
362 1491 431 1559 qua
459 1465 561 1533 homo
583 1489 619 1532 se
646 1468 689 1533 ab
717 1469 875 1533 omnibus
900 1466 996 1535 malis
1015 1467 1170 1535 liberere.

124 1585 245 1676 possit.
304 1587 307 1591 ’

168 1698 232 1764 111.
257 1698 388 1764 Auctor
409 1693 570 1788 epistolae
591 1694 641 1767 ad¹
659 1695 832 1765 Hebraeos
855 1694 946 1765 idem
976 1718 1166 1781 argumen-

54 1800 56 1805 ’
128 1830 202 1881 tum
223 1811 354 1878 iisdem
377 1811 567 1882 sententiis
587 1826 733 1892 tractat,
758 1811 882 1898 quibus
899 1810 1028 1877 Seneca
1041 1811 1168 1877 utitur.

171 1926 270 1992 Hauc
290 1924 500 2011 singularum
523 1928 768 1992 sententiarum
788 1923 1058 1995 convenientiam
1084 1948 1168 1989 ma·

129 2044 221 2108 xime
251 2037 542 2128 deprehendimus
572 2038 609 2103 in
639 2038 720 2109 loeis
751 2039 926 2127 utriusque
958 2036 1090 2117 libelli,
1128 2040 1170 2109 in

130 2158 255 2249 quibus
268 2169 422 2219 auctores
441 2175 538 2217 usum
558 2152 799 2243 paedeutieum
814 2151 1078 2257 calamitatuma
1092 2153 1176 2220 Deo.

127 2270 211 2335 viris
229 2268 329 2332 honis
348 2265 572 2331 immissarum
594 2261 732 2334 docent.
777 2263 908 2331 Seneca
932 2265 994 2338 has
1018 2280 1168 2339 senten·

128 2383 191 2453 tias
213 2379 373 2468 profert:

172 2527 190 2564 e
208 2497 304 2562 luter
323 2493 433 2560 bo'nos
458 2494 609 2560 virosae
636 2495 744 2561 Deum
767 2493 912 2561 amicitia
939 2510 1012 2576 est,
1041 2493 1170 2560 conei-¹

130 2610 238 2678 liaute
258 2609 394 2675 virtute.
442 2609 632 2674 Amicitiam
654 2607 757 2674 dico?
789 2611 897 2676 immo
917 2609 1019 2674 etiam
1039 2588 1167 2674 neres-

132 2721 246 2790 titudo
264 2740 297 2787 et
319 2719 521 2789 similitudo.
543 2760 587 2775 -
607 2724 671 2794 Vir
690 2722 800 2788 bouus
823 2739 874 2786 est
895 2721 1082 2787 aemulator
1100 2723 1170 2789 Dei

131 2857 165 2904 et
185 2862 264 2903 vera
281 2837 480 2925 progenies,
505 2861 606 2927 quem
625 2860 751 2926 parens
772 2834 830 2901 ille
850 2835 1073 2920 magnificus,
1099 2838 1171 2930 vir·

130 2969 243 3018 tutum
267 2974 338 3018 nou
361 2949 448 3016 lenis
471 2968 629 3028 exactor,
652 2949 741 3016 sicut
758 2953 863 3018 severi
892 2962 1024 3038 patres,
1048 2949 1176 3023 durius

131 3065 266 3134 educat.
311 3063 431 3154 ltaque
454 3086 530 3129 erim
549 3062 675 3131 videris
698 3064 786 3133 viros
808 3064 916 3128 honos
937 3081 1175 3152 acceptosque

131 3181 205 3246 Diis
226 3178 400 3259 laborare,
424 3171 569 3255 sudare,
589 3176 694 3249 malos
714 3195 825 3244 autem
847 3179 1000 3245 lascivire
1018 3194 1052 3243 et
1071 3177 1168 3245 volu·

117 3289 282 3382 ‘pratibus
305 3289 432 3368 fluere3
456 3291 563 3376 cogita
583 3288 734 3358 filiorum
750 3312 810 3355 nos
829 3287 994 3354 modestia
1016 3288 1169 3354 delecta·

131 3404 187 3478 ri,
204 3397 430 3466 uernularum
447 3399 597 3468 licentia.
611 3399 761 3464 -Idem
782 3398 844 3464 tibi
870 3396 913 3462 de
931 3401 1003 3466 Deo
1021 3397 1172 3488 liqueat,

131 3515 264 3578 Bonm
283 3511 393 3576 virum
419 3537 488 3578 non
515 3513 551 3576 in
578 3508 710 3576 deliciis
737 3509 860 3576 hahet:
886 3512 1079 3600 experitur,
1101 3511 1167 3577 in-

106 3692 109 3700 ,
134 3627 258 3710 durat,
279 3624 344 3692 sibi
366 3622 462 3687 illum
482 3637 679 3713 praeparat.
701 3659 744 3673 -
764 3624 829 3693 Vir
845 3624 955 3691 bonus
976 3625 1089 3691 omnia
1106 3621 1174 3688 ad-

133 3764 230 3808 versa
250 3736 509 3806 exercitationes
530 3754 639 3825 putat.
663 3770 704 3788 -
726 3736 862 3810 Marcet
878 3740 950 3804 siue
972 3738 1177 3812 adversario,

134 3854 270 3938 virtus3
301 3869 385 3918 tunc
407 3867 571 3939 apparet,
596 3856 723 3946 q'uania
749 3853 817 3935 sit,
842 3871 1007 3941 quantum
1036 3852 1176 3937 valeat„

135 3984 370 4061 queutumque
379 3965 520 4057 polleat,
531 3987 605 4032 cum
615 4012 625 4048 ,
637 3964 719 4054 quid
729 3967 857 4056 possit,
873 3966 1037 4064 patientia
1047 3979 1177 4052 osten-⁴
