2604 4740
566 355 596 478 t
624 394 666 462 e
710 352 736 477 r

173 557 304 639 Auctor
327 570 431 660 buius
460 571 642 662 epistolae,
678 573 863 665 inquiunt,
893 571 958 641 luit
985 574 1166 668 captivas}

133 708 213 753 enm
230 686 322 754 illam
340 685 525 772 scriberet3
542 687 698 754 bortatur
719 689 810 762 enim
829 687 1000 756 Hebraeos
1019 689 1063 757 ad
1085 682 1172 778 pre-r

132 804 188 866 o'es
212 824 277 892 pro
301 824 336 868 se
360 799 553 884 faciendas,
577 818 615 869 ut
646 801 729 890 ipsis
756 804 867 888 ταξχαα
893 808 1167 900 α’τακατααταθῇλ

130 911 169 979 id
185 929 253 999 est,
269 930 307 978 ut
324 939 342 981 e
366 915 560 1004 captivitate
581 914 678 987 eitius
696 914 864 982 liberetur
882 931 917 982 et
935 916 1049 982 amicis
1066 916 1156 983 red·

127 1024 230 1095 datur
252 1029 350 1116 (16).
395 1031 513 1099 Lectio
536 1030 643 1096 Hebr.
656 1031 712 1113 X,
730 1029 794 1107 54,
818 1035 850 1100 ἐν
872 1040 935 1112 ταῖς
956 1032 1079 1113 δεσμαῖς
1099 1055 1166 1116 μου,

83 1175 91 1189 ·
128 1148 383 1226 συνεπαθήσατε,
416 1168 621 1234 quamquam
652 1168 727 1212 eam
767 1141 1101 1211 Griesbachius
1141 1165 1165 1210 e

131 1274 227 1325 textu
244 1261 287 1326 N.
308 1261 352 1324 T.
375 1258 577 1342 eliminavit,
600 1278 635 1326 et
655 1258 698 1326 ab
722 1256 794 1324 aliis
816 1254 1050 1349 improbatur,
1072 1278 1167 1350 pro·

130 1370 305 1440 habilibus
321 1373 525 1459 argumentis
547 1371 687 1438 delendi
703 1388 837 1462 potest,
860 1387 953 1446 certo
974 1367 1095 1452 docet,
1116 1367 1164 1443 ab

130 1487 374 1576 antiquissimis
405 1483 488 1550 inde
519 1485 731 1572 temporibus
768 1506 887 1552 vocem
923 1489 1163 1572 ατοκαταστα·

129 1609 169 1674 θῶ
213 1603 257 1669 de
294 1599 497 1671 liberatione
527 1623 547 1666 o
583 1621 722 1666 carcero
757 1615 793 1675 et
834 1595 979 1671 vinculis
1018 1592 1164 1666 intelle·¹

129 1731 220 1783 ctam
254 1737 337 1780 esse.
389 1711 510 1780 Multis
542 1712 652 1802 iisque
680 1737 752 1784 nou
788 1711 918 1780 levibus
954 1709 1168 1796 argumentis

130 1828 250 1898 doceri
281 1829 382 1895 etiam
416 1842 552 1914 potest,
591 1826 769 1916 epistolam
810 1826 854 1893 ad
892 1823 1064 1890 Hebraeos
1096 1821 1168 1895 istu

129 1962 309 2032 tempore,
333 1964 402 2032 quo
426 1941 555 2018 Paulus
579 1942 704 2008 Romae
738 1941 891 2030 captivus
920 1936 1173 2032 detinebatur-2

128 2057 291 2148 scriptam
320 2080 402 2123 esse.
448 2057 555 2124 Porro
592 2072 710 2120 auctor
743 2054 951 2122 mentionem
981 2051 1063 2138 lacit
1090 2049 1173 2117 Ti·-

130 2171 278 2249 mothei,
303 2170 458 2237 nominat
479 2193 557 2234 eum
581 2167 744 2249 fratrem,
769 2184 805 2233 et
825 2164 977 2256 appellat
998 2189 1076 2233 eum
1097 2186 1163 2239 cos

127 2285 244 2352 mitem
261 2284 423 2349 itinerum
446 2277 602 2363 suoi-um,
624 2279 851 2368 promittens,
874 2270 1014 2347 simulac
1037 2278 1162 2344 Timo·

128 2399 227 2466 theus
249 2396 291 2463 ad
312 2421 345 2463 se
363 2396 516 2473 venerit,
540 2418 582 2466 eu
601 2395 691 2461 socio
721 2392 819 2460 seed
839 2393 984 2464 lectores
1001 2390 1168 2483 epistolae

128 2515 195 2580 iter
228 2509 398 2578 facturum
431 2532 517 2575 esse.
567 2507 676 2574 Vocat
702 2509 920 2576 Timotheum
951 2507 1162 2590 aroaravote

127 2657 175 2701 ror
193 2628 301 2716 (17),
324 2624 533 2701 dimissum,
553 2621 740 2723 respiciens
764 2622 807 2706 ad
828 2625 902 2711 id,'
915 2622 1010 2717 qnod
1034 2622 1073 2705 in
1096 2618 1164 2714 aliq

158 2846 230 2919 (ιό)
248 2843 406 2910 significatio
421 2843 492 2899 vocis
507 2845 718 2914 coenobiacam
733 2846 812 2912 (iubis
830 2846 935 2917 quidem
949 2857 997 2904 est.
1031 2847 1063 2902 Iu
1077 2848 1111 2906 tt.
1125 2847 1159 2908 Ta

126 2946 154 2990 et
168 2931 229 2989 aliis
246 2930 415 3001 scriptoribus
432 2944 506 2988 notat
528 2933 556 2986 in
572 2934 720 2989 universum
741 2937 771 2991 iu
785 2936 938 3005 pristinum
952 2945 1059 2990 statum
1075 2911 1167 3000 resti-l

126 3033 222 3095 traete,¹
238 3034 303 3089 quae
320 3019 473 3087 significatio
487 3020 668 3076 liberationem
684 3033 712 3081 et
727 3021 835 3078 noratis
852 3021 967 3080 involvit.
997 3023 1165 3096 Wahlius

127 3110 235 3181 (clavis
245 3124 271 3178 p·
281 3106 351 3173 124.)
364 3104 450 3160 locum
466 3106 618 3179 hairtin,
631 3127 670 3178 19.
688 3107 720 3160 de
729 3108 832 3171 doctore
840 3111 951 3180 captivo
962 3109 1015 3172 suis
1028 3110 1164 3183 redelentia

124 3195 320 3264 interpretatur·
340 3192 477 3263 Morus,
494 3205 613 3264 utsupra
631 3194 759 3265 vidimus,
775 3193 868 3248 dubius
885 3207 930 3252 est.
954 3196 1163 3254 Roseumfll.

124 3282 178 3338 ier
203 3282 231 3334 in
255 3278 365 3334 scholiis
384 3279 417 3332 sd
444 3280 512 3334 hunc
531 3281 617 3336 loeium
641 3281 722 3338 dicit:
756 3281 822 3338 »Ex
843 3282 985 3339 bisverbis
1008 3287 1164 3358 neutiquam

124 3369 258 3442 sequitur,
275 3367 304 3421 in
322 3367 433 3432 uinculis
451 3365 514 3425 haee
536 3369 632 3440 scripta
656 3387 722 3434 esse,
756 3367 893 3439 Liberatus
912 3372 1031 3441 potiare
1055 3390 1161 3437 earcere

127 3455 294 3512 Timotheum
318 3464 434 3536 expectat
457 3454 561 3522 itineris
584 3459 736 3533 comitem.'’
771 3455 1165 3538 stultisssimum,

124 3563 201 3615 cere,
219 3561 268 3615 quo
284 3541 380 3595 Romae
405 3541 559 3608 tenebatur,
586 3563 627 3598 res
646 3543 719 3597 valtis
736 3544 856 3613 ambigna
871 3556 918 3605 est.
950 3547 1031 3602 Plura
1054 3547 1087 3603 tle
1110 3548 1165 3607 has

122 3650 185 3690 uoce
203 3632 228 3684 in
247 3630 339 3702 Capite
355 3629 444 3698 quinto
467 3628 543 3699 hujus
559 3631 622 3685 libri
638 3630 788 3686 afferentur.

161 3720 232 3790 (η)
250 3719 307 3793 Vox
325 3717 526 3780 ἀπολελυμένος
549 3717 631 3776 Hebr.
647 3717 726 3780 Xlil,
742 3721 784 3778 23.
801 3717 895 3783 dubiae
912 3732 952 3778 est
963 3722 1165 3797 interpretatiu-

124 3804 176 3865 πίε.
209 3807 373 3862 Mosbeim
392 3805 576 3876 (Einlsitung
591 3824 625 3876 τα
642 3808 704 3875 dem
726 3819 818 3860 ersten
833 3809 921 3881 Brisf
937 3829 975 3879 on
996 3814 1048 3884 den
1065 3815 1166 3868 Timo·

125 3895 226 3962 ibone)
244 3906 334 3963 putat,
354 3890 537 3961 Timotheum,
562 3891 704 3960 quiPaulo
722 3894 869 3948 incarcere
891 3894 988 3950 bornae
1011 3897 1115 3952 detento
1131 3918 1164 3955 se

123 3981 190 4039 hius
216 3981 326 4036 Achates
344 3981 510 4048 adjunxerat,
527 3978 559 4031 ab
578 3979 699 4049 Apostolo
719 3980 746 4033 in
771 3980 852 4035 ullum
873 3982 986 4055 aliquam
1001 3985 1086 4040 locun
1101 3986 1169 4041 lta.

124 4070 177 4137 liae
194 4067 316 4135 missum,
334 4066 372 4119 ibi
390 4068 417 4123 in
439 4064 539 4127 vincula
560 4065 700 4135 conjectum
717 4078 744 4121 et
761 4085 851 4123 rursus
867 4086 896 4121 ex
912 4071 946 4125 iis
960 4068 1098 4126 liberatum
1116 4092 1164 4141 es-¹

125 4176 168 4223 se,
185 4157 224 4210 ita
238 4167 268 4209 ut
287 4154 408 4208 adrentus
426 4152 480 4222 ejus
497 4152 607 4211 sPsulo
623 4153 752 4223 apsenti
768 4167 867 4228 posset3
884 4155 950 4211 bane
976 4157 1161 4245 liberationes*

126 4241 255 4300 carissimi
271 4241 404 4298 Timothei
421 4243 488 4298 tanti
501 4242 582 4300 ussus
601 4258 655 4300 asse
671 4239 770 4312 Paulo,
786 4253 816 4298 ut
835 4238 960 4300 Hebraeis
976 4262 1007 4299 ea
1025 4246 1167 4301 nuntiass-
