2604 4740
584 168 599 254 (
636 195 701 258 >171
747 173 764 256 )

154 351 226 434 dli,
249 374 352 440 quem
372 351 488 444 paullo
507 369 587 444 post
606 369 778 420 mortuum
796 353 832 419 in
851 352 1000 422 notailla
1015 357 1195 448 Apocolo.

157 467 290 558 cyntosi
312 465 465 534 dicteriis
484 483 519 534 et
538 468 781 536 scommatibus
797 469 996 538 infestavit?
1019 472 1106 562 Quis
1125 490 1198 556 est,

155 582 217 672 qui
239 581 364 669 probet
386 582 572 648 orationem
597 584 639 648 ab
662 605 702 649 eo
725 585 967 672 compositam,
991 609 1093 674 quam
1118 603 1200 676 post

152 709 301 778 mortem
338 693 494 781 Claudii,
531 698 586 763 die
624 695 776 776 funeris,
818 699 910 767 Nero
948 700 1022 785 ejus
1064 722 1200 768 succes·

153 828 212 898 sor
237 807 377 898 publice
401 811 542 896 habuit,
564 811 654 878 falsis
684 811 841 879 laudibus
872 812 1009 881 Claudii
1035 812 1082 879 ita
1114 814 1198 904 ple-

152 947 234 990 nam
253 941 312 1008 ut,
334 924 622 1016 quemadmodum
638 928 779 994 Tacitus
802 930 897 996 Ann.
912 927 1048 1012 x111‚3
1071 929 1198 1012 refert,

153 1054 342 1130 postquam
375 1037 419 1106 ad
452 1040 704 1134 providentiam
734 1040 1002 1133 sapientiamque
1040 1039 1200 1126 Claudii,

150 1152 281 1219 mirum
297 1153 335 1220 in
361 1152 501 1222 modum
522 1154 652 1237 stolidi,
681 1155 800 1238 flexit,
822 1179 924 1223 nemo
950 1155 1034 1222 risui
1060 1172 1199 1246 tempe·

153 1291 234 1336 rare
258 1287 392 1358 posset,
416 1270 570 1357 quamvis
591 1269 699 1336 oratio
724 1272 869 1338 multum
898 1269 1009 1337 cultus
1039 1270 1200 1360 praefer·

152 1386 238 1456 reti
282 1383 370 1471 Quis
389 1385 529 1450 miretur
539 1409 555 1466 ,·
572 1387 683 1452 virum
702 1386 749 1450 ita
769 1411 788 1450 a
810 1387 912 1451 rebus
933 1400 968 1452 et
988 1385 1202 1476 temporibus

154 1496 389 1586 pendentem,
412 1521 480 1564 non
499 1519 675 1589 propenso
695 1498 732 1564 in
753 1499 950 1584 religionem
972 1500 1202 1568 Christianam

158 1611 274 1681 animo
296 1610 424 1694 fuisse,
445 1634 558 1700 neque
585 1613 613 1678 si
643 1611 768 1692 suerit,
797 1615 834 1677 in
858 1614 996 1701 scriptis
1020 1615 1060 1679 iis
1086 1615 1204 1680 testari

158 1722 325 1808 voluisse,
349 1749 435 1816 quae
461 1747 577 1794 versus
603 1723 708 1792 finem
734 1727 936 1815 captivitatis
960 1725 1116 1794 Paulinae
1138 1752 1203 1794 ex·

157 1854 255 1904 arata
287 1855 388 1922 sunt,
424 1863 501 1906 cum
524 1839 694 1906 *confessio
720 1840 891 1928 religionis
924 1841 992 1925 jam
1022 1839 1204 1929 periculo·

163 1972 201 2019 sa
231 1973 302 2016 esse
341 1954 540 2045 coepisset?
596 1957 687 2025 Nero
716 1955 809 2021 enim
839 1978 1058 2044 nequaqnam
1090 1953 1208 2048 paullo
1251 1952 1254 1957 ’

157 2081 241 2154 post
266 2066 426 2134 incensae
459 2068 584 2135 Romae
610 2065 747 2156 culpam
770 2069 806 2134 in
839 2049 1051 2135 Cliristianos
1080 2070 1203 2156 conje-

159 2180 264 2246 cisset
288 2196 322 2248 et
344 2199 462 2248 contra
484 2206 540 2249 eos
563 2182 755 2269 gravissima
776 2182 913 2272 quaevis
928 2184 1115 2263 statuisset,
1139 2183 1206 2249 nisi

157 2319 218 2368 eos
253 2297 394 2363 caeteris
429 2297 554 2362 Romae
584 2293 705 2368 ineolis
736 2297 861 2363 invisos
888 2320 959 2364 esse
990 2314 1205 2388 compertum

157 2411 359 2494 habuisset,
388 2411 443 2479 vel
468 2413 544 2498 ipse
571 2410 712 2477 inimico
746 2433 825 2496 erga
849 2409 1061 2487 Christianos
1090 2414 1206 2481 animo

156 2524 280 2597 fuisset
301 2526 399 2614 (16).

202 2666 234 2709 e.
257 2641 355 2710 Addi
380 2654 496 2730 potest
521 2638 622 2705 etiam
648 2639 736 2712 hoca
781 2640 914 2706 Plures
934 2642 1021 2707 labri
1046 2642 1205 2709 Senecae

114 2794 116 2801 ,
157 2755 350 2848 deperditi
369 2770 474 2832 aunt,
499 2755 537 2819 in
562 2754 690 2841 quidus
703 2753 867 2839 sortasse
895 2756 1126 2823 Christianae
1153 2781 1211 2824 re·

155 2866 311 2958 ligionis
331 2875 546 2938 mentionem
556 2868 726 2952 fecerat,
749 2893 780 2934 e.
800 2893 831 2955 g.
853 2856 942 2935 liber
963 2869 1007 2937 de
1025 2863 1207 2957 Supersti-

157 2983 274 3061 tione‚
296 2983 386 3050 liber
417 2983 460 3050 de
491 2982 712 3050 Matrimonio
742 2980 886 3071 aliique,
910 3006 995 3074 quos
1028 2985 1207 3074 Lipsius

156 3099 200 3171 in
221 3097 300 3168 Vita
330 3098 478 3167 Senecae
497 3112 664 3163 recenset.
709 3093 773 3166 Vel
798 3095 900 3164 etiam
918 3096 955 3164 in
977 3095 1076 3166 libris
1096 3097 1207 3165 Sene·

148 3290 368 3316 Μ

154 3429 235 3490 lerum
258 3447 314 3502 cap.
331 3429 380 3488 ult.
397 3429 476 3484 dicit:
510 3429 609 3483 sInter
625 3429 678 3490 alia
697 3446 726 3484 ex
742 3429 791 3484 hoe
808 3429 906 3502 scripto
921 3429 1011 3501 diseo,
1027 3445 1104 3502 quem
1122 3427 1207 3484 maxi-

156 3521 198 3574 mi
216 3519 268 3572 viri
285 3518 339 3572 labi
359 3531 386 3572 et
401 3517 486 3586 jacere
503 3515 633 3587 possint.”

197 3605 269 3678 (ιθ)
298 3604 381 3661 Causa
404 3605 476 3673 odii,
500 3603 568 3674 quod
592 3602 659 3656 Nero
682 3602 710 3677 in
734 3602 898 3658 Christianos
920 3602 1028 3664 hahuit,
1053 3600 1116 3654 haec
1142 3600 1215 3653 fuis·

161 3713 192 3753 ee
215 3693 348 3765 traditur,
365 3691 433 3764 quod
450 3690 545 3744 Paulus
563 3689 682 3760 pellicem
710 3688 818 3744 Neronis
837 3690 869 3742 ab
895 3707 924 3743 eo
944 3699 1103 3760 pererratam
1129 3702 1211 3742 evan·

168 3781 232 3852 gelii
251 3782 369 3836 doctrina
386 3783 424 3836 ita
441 3777 638 3848 emendaverat,
654 3789 684 3832 ut
700 3777 795 3833 Neroni
816 3795 866 3845 oon
890 3776 1001 3848 anplius
1019 3793 1117 3830 morem
1135 3793 1211 3845 gere·

159 3889 191 3933 te
209 3867 296 3928 vellet
