2604 4740
443 372 810 487 .(252).

122 577 231 623 moras
256 553 366 643 posui.
391 587 431 603 -
454 553 567 619 Omne
590 571 743 642 tempus,
766 552 875 618 omnis
899 550 1074 622 vartonus
1098 551 1168 622 do·'

129 685 229 749 cest,
253 692 355 760 quam
372 664 477 761 'facile
503 669 548 733 sit
571 654 770 734 renuntiare
803 683 946 732 naturae
978 679 1014 731 et
1043 687 1171 737 munus

126 806 226 848 suum
257 780 308 845 illi
342 775 576 872 impingere.''
621 781 744 847 Paulus
777 802 921 870 prorsus
941 777 1006 846 alia
1038 780 1171 850 ratione

39 896 41 904 ’
125 896 336 964 Christianos
367 893 412 960 ad
448 895 671 961 constantiam
697 895 734 959 in
758 893 910 961 adversis
940 893 1168 963 adhortatore

129 1040 148 1082 o
166 1011 274 1092 Cum,
296 1008 431 1101 inquit,
455 1024 548 1076 tanta
570 1007 727 1100 undique
747 1010 922 1092 cingamur
942 1008 1083 1073 testium
1109 1029 1171 1076 oo·

126 1124 209 1215 pia3
234 1139 428 1215 constantes
447 1145 691 1212 persequamur
713 1136 888 1187 certamen
912 1120 1012 1186 nobis
1034 1143 1170 1212 propo·

129 1239 257 1320 situm,
278 1237 451 1302 intuentes
472 1235 616 1302 maxime
638 1235 721 1300 fidei
745 1236 1004 1322 antesignanum
1026 1251 1063 1301 et
1084 1256 1173 1301 eou-

131 1368 392 1434 summatorem,
416 1349 477 1439 qui
495 1367 533 1414 nt
553 1373 681 1416 summa
700 1348 864 1414 felicitate
882 1346 1029 1434 gaudere
1043 1363 1173 1437 posset,

132 1464 243 1530 erucis
262 1462 469 1554 supplicium
487 1464 609 1543 subiit,
625 1478 659 1527 et
674 1469 788 1549 spreta
807 1463 991 1549 ignominia
1004 1508 1016 1545 ,
1027 1462 1072 1528 ad
1087 1461 1173 1528 dex·

132 1595 221 1647 tram
242 1575 317 1643 solii
342 1577 452 1643 divini·
475 1575 643 1643 consedit.
690 1575 850 1670 Spectata
870 1579 988 1657 illum,
1010 1603 1055 1645 ne
1082 1576 1171 1643 deti·

134 1691 230 1756 oiatis
255 1690 377 1759 animo.
419 1690 491 1758 Vos,
512 1706 650 1774 manet,
672 1692 761 1758 siout
788 1693 905 1776 illum,
929 1692 1011 1761 urbs
1033 1692 1099 1757 Dei
1120 1690 1173 1757 vi·

133 1807 188 1888 vi,
211 1801 441 1894 Hierosolyma
461 1803 640 1882 coelestis,
664 1823 779 1874 coetus
802 1825 836 1875 et
856 1807 975 1875 concio
999 1806 1171 1896 primoge-

135 1919 304 2003 nitorum,
330 1918 408 1984 albo
428 1915 564 1984 coelesti
584 1918 851 2008 inscriptorum,
877 1922 970 1988 eet.”

179 2031 302 2100 Paulus
331 2057 538 2125 quamquam
564 2029 711 2099 subinde
739 2033 857 2102 Sto'r'ea
886 2035 923 2101 in
955 2059 1054 2102 suum
1083 2057 1177 2100 nsum

139 2141 357 2231 convertens,
369 2147 495 2212 mansit
510 2143 725 2213 Christianus
736 2173 749 2234 3
773 2150 862 2214 siout
877 2150 1029 2231 Seneca,
1055 2172 1177 2239 quam·

40 2290 49 2320 ¹·
139 2286 240 2357 quam
257 2262 415 2350 dogmata
435 2244 710 2329 Christianorum
729 2284 771 2328 ex
787 2260 891 2329 Paulo
913 2256 1073 2348 cognovit
1089 2278 1127 2328 et
1148 2261 1180 2326 in

141 2399 219 2445 suos
249 2371 397 2447 subinde
425 2397 503 2438 usus
526 2371 709 2458 adhibuit,
741 2377 866 2442 mansit
896 2376 1031 2450 Stoicus
1062 2374 1127 2444 lati
1152 2389 1182 2441 et

140 2488 349 2562 antochirias
379 2486 540 2555 defensor
562 2488 759 2554 acerrimus.

187 2607 221 2674 4.
243 2600 436 2674 Verisimile
461 2599 547 2669 mihi
570 2601 662 2668 enim
686 2601 840 2683 videtur,
861 2621 900 2673 ut
920 2606 989 2692 jam
1009 2626 1115 2695 supra
1134 2603 1183 2679 di,-

143 2719 198 2801 xi,
213 2721 251 2786 in
267 2720 424 2786 Senecae
439 2717 548 2784 libror
565 2712 750 2784 nonnullos
766 2719 944 2808 quaedam
960 2745 980 2786 e
1005 2719 1187 2787 Christia-

143 2859 272 2931 norum
297 2817 448 2928 pharitio
470 2827 650 2920 fluxium
681 2831 716 2896 in
744 2856 799 2898 eos
830 2833 1020 2918 nimirum,
1042 2833 1124 2926 qui,
1146 2857 1188 2908 ex,

145 2973 217 3045 quo
238 2943 501 3020 familiaritatem
523 2943 694 3037 quandam
717 2970 794 3020 oum
816 2946 1020 3013 Christianis
1042 2950 1184 3014 eontra·

145 3079 264 3138 xerat,
289 3060 410 3147 scripti
441 3074 542 3142 sunt,
575 3061 666 3124 inter
696 3081 781 3148 quos
809 3062 953 3127 maxime
981 3059 1113 3130 librom
1143 3061 1186 3130 de

145 3176 390 3264 Providentia,
418 3172 587 3266 Epistolas
612 3189 646 3242 et
669 3170 847 3241 Naturales
876 3172 1104 3266 Quaestiones
1126 3200 1186 3244 re·

143 3293 230 3362 sero.
414 3278 427 3298 ’

189 3411 222 3476 5.
245 3403 401 3493 Denique
420 3401 463 3465 ab
485 3401 643 3470 omnibus
668 3401 927 3470 cencedendum
946 3388 1021 3488 est,
1048 3405 1195 3480 Paulum

145 3522 184 3587 in
207 3522 276 3586 suis
299 3515 511 3584 sermonibus
528 3533 563 3583 et
585 3516 736 3607 epistolis
759 3516 905 3584 subinde
922 3520 1024 3586 etiam
1043 3543 1087 3587 err
1106 3510 1193 3589 aliis

148 3633 390 3730 scriptoribus
409 3630 566 3696 ethnicis
586 3631 765 3698 hausisse·
801 3631 908 3697 Notus
928 3651 980 3700 est
994 3633 1090 3701 locus
1110 3639 1192 3704 Act.

147 3747 267 3828 XVII,
293 3747 357 3815 28²
402 3745 460 3815 Ἐν
475 3748 558 3831 αὐτῷ
572 3749 634 3831 γὰρ
649 3749 748 3841 ζῶμεν
768 3751 820 3816 καὶ
842 3749 1004 3832 κινούμεθα
1023 3753 1079 3820 καί
1096 3755 1193 3834 ἔσμεν

149 3870 187 3940 ὥς
211 3866 266 3932 xxi
285 3889 364 3937 τινες
384 3869 443 3930 τῶν
462 3859 532 3928 καθ’
555 3849 638 3944 ὑμεῖς
659 3865 963 3947 vetustissimarum·
984 3871 1038 3933 τοῦ
1056 3869 1120 3951 γὰρ
1139 3867 1196 3934 uxi

150 3980 236 4059 γένος
254 3981 358 4063 ἔσμεν.
405 3971 677 4069 llemistyehium
696 3977 761 4042 boe
785 3999 824 4041 ex
850 3978 947 4044 Arati
974 3977 1195 4053 Phaenome-
